1728 2944
282 100 342 176 4]
452 103 1201 161 ιηιηκωηιιΝΑΕ.
1509 114 1540 162 3

49 252 57 259 ·
118 235 202 278 tus
223 229 465 294 praeclari
485 230 722 280 facinoris
743 236 834 279 aut
856 232 980 280 artis
1001 233 1161 281 bonae
1184 231 1371 280 famam
1394 249 1541 297 quae·

117 311 199 359 rit.
270 312 358 360 sed
391 312 447 360 in
479 329 661 376 magna
694 313 837 377 copia
866 330 1032 362 rerum
1066 314 1204 362 aliud
1237 315 1325 362 alii
1358 320 1541 363 natura

116 386 215 440 iter
226 394 458 442 ostendit..
486 379 493 388 ⁵
510 395 770 458 pulchrum
785 400 862 443 est
882 396 1008 444 bene
1026 396 1190 444 facere
1211 396 1285 444 rei
1297 396 1538 460 publicae,
1563 398 1600 455 3

117 474 270 521 etiam
291 475 417 522 bene
440 474 603 523 dicere
625 475 760 522 haud
776 476 1048 523 absurdum
1072 482 1177 525 est:
1212 477 1294 524 vel
1315 490 1435 540 pace
1458 477 1541 525 vel

75 578 99 613 3
118 555 248 603 bello
278 556 466 604 clarum
500 557 611 604 fieri
639 556 768 605 licet.
843 562 897 605 et
926 558 1014 621 qui
1037 558 1199 606 fecere
1222 564 1274 606 et
1295 559 1383 622 qui
1405 558 1541 606 facta

116 637 326 685 aliorum
360 639 613 701 scripsere,
645 639 794 687 multi
829 640 1111 689 laudantur.
1183 657 1241 688 ac
1275 641 1401 688 mihi
1435 640 1541 704 qui-
1561 662 1581 683 2

116 717 244 777 dem,
278 719 480 766 tametsi
524 719 660 766 haud
706 735 956 783 quaquam
998 737 1090 784 par
1123 721 1281 784 gloria
1314 723 1541 784 sequitur

48 818 51 819 ⁷
116 800 405 862 scriptorem
451 806 503 848 et
547 806 798 849 auctorem
843 818 1026 861 rerum,
1062 807 1232 850 tamen
1271 803 1326 850 in
1364 803 1541 866 primis

116 880 326 928 arduum
350 881 551 928 videtur
580 898 660 929 res
688 887 852 945 gestas
882 882 1095 930 scribere
1109 899 1124 943 3
1158 883 1375 946 primum
1406 884 1542 947 quod

47 982 102 1008 -ao
116 961 252 1010 facta
273 963 421 1010 dictis
447 963 770 1027 exaequanda
801 969 934 1025 sunt,
960 964 1139 1012 dehinc
1167 965 1285 1028 quia
1314 966 1541 1030 plerique
1572 978 1578 982 “

39 1019 53 1045 ³
116 1059 243 1108 quae
266 1043 449 1091 delicta
477 1043 866 1107 reprehenderis,
891 1044 1235 1092 malivolentia
1264 1050 1317 1093 et
1346 1046 1540 1095 invidia

116 1125 252 1173 dicta
285 1131 471 1189 putant
485 1144 500 1187 ;
540 1126 628 1173 ubi
662 1127 723 1174 de
757 1143 938 1190 magna
973 1126 1162 1174 virtute
1197 1131 1348 1191 atque
1381 1128 1540 1191 gloria

40 1267 43 1269 ‚
115 1206 356 1255 bonorum
388 1223 642 1270 memore-g,
667 1224 794 1271 quae
825 1207 920 1255 sibi
955 1208 1163 1271 quisque
1197 1207 1366 1256 facilia
1399 1209 1540 1258 factu

22 1241 63 1325 k
116 1293 278 1352 putat,
313 1304 471 1351 aequo
510 1288 677 1335 animo
714 1288 911 1352 accipit,
946 1304 1098 1352 supra
1132 1304 1192 1336 ea
1226 1289 1386 1337 veluti
1421 1290 1540 1339 ficta

115 1385 206 1433 pro
228 1370 368 1426 falsis
392 1370 545 1419 ducit.

22 1356 99 1541 ''i''
175 1426 316 1515 [Sed
354 1468 445 1515 ego
484 1452 889 1501 adulescentulus
929 1453 1077 1502 initio
1122 1454 1272 1502 sicuti
1315 1454 1539 1518 plerique
1560 1476 1582 1511 ς

22 1463 53 1583 iz.
115 1533 284 1582 studio
322 1534 387 1581 ad
423 1550 530 1582 rem
568 1535 819 1598 publicam
857 1536 991 1583 latus
1037 1552 1162 1595 sum,
1201 1537 1369 1600 ibique
1414 1537 1541 1586 mihi

23 1584 60 1739 ιὶ
115 1614 275 1662 multa
308 1614 520 1662 advorsa
553 1615 705 1664 fuere.
777 1632 896 1663 nam
927 1633 1019 1679 pro
1049 1617 1252 1680 pudore,
1276 1634 1367 1681 pro
1390 1618 1577 1666 absti-

114 1697 302 1756 nentia,
325 1713 417 1760 pro
450 1698 640 1746 virtute
668 1698 893 1758 audacia,
924 1699 1139 1762 largitio,
1164 1700 1378 1747 avaritia
1408 1700 1541 1763 vigo-⁴

113 1776 251 1828 bant.
321 1794 449 1842 quae
480 1779 680 1826 tametsi
710 1779 907 1826 animus
940 1780 1301 1842 aspernabatur
1322 1780 1540 1830 insolens
1559 1805 1588 1837 ς

114 1858 356 1906 malarum
383 1859 585 1918 artium,
609 1864 780 1907 tamen
810 1859 944 1907 inter
974 1864 1119 1908 tanta
1141 1860 1269 1908 vitia
1291 1861 1542 1912 imbecilla

113 1945 252 1988 aetas
272 1941 544 1989 ambitione
568 1946 811 2005 conrupta
834 1941 1128 1990 tenebatur·
1160 1957 1218 1990 ac
1243 1958 1320 1990 me
1344 1959 1457 1990 cum
1475 1942 1541 1991 ab
1560 1962 1581 1994 s

112 2022 417 2088 reliquorum
439 2022 584 2069 malis
607 2022 828 2070 moribus
843 2022 1172 2083 dissentirem,
1192 2023 1349 2079 nihilo
1372 2040 1474 2092 mm

111 2105 314 2155 honoris
336 2104 516 2168 cupido
538 2104 710 2152 eadem
733 2121 833 2168 qua
855 2109 1045 2152 ceteros
1067 2088 1206 2152 fama
1228 2086 1400 2169 abque
1387 2037 1545 2168 ing

193 2358 223 2399 8
274 2360 493 2398 auctorem
526 2357 605 2399 Po
640 2358 862 2398 Charisius
900 2358 1063 2398 Gellius
1101 2354 1159 2410 (4.
1190 2355 1260 2410 15)
1286 2358 1474 2398 actorem
1504 2357 1542 2399 0

113 2426 595 2480 (Dieuchfflnetorem
614 2429 658 2467 et
675 2428 863 2468 actorem
882 2426 1073 2468 Schmidt

193 2495 247 2536 14
300 2506 352 2536 ea
369 2507 448 2535 om.
470 2494 630 2537 Gellius
650 2496 678 2536 1.
703 2508 740 2537 c.

99 2594 103 2597 ⁴
190 2562 246 2603 28
297 2560 476 2612 reliquis
505 2563 544 2603 in
577 2562 739 2603 altered
770 2566 812 2602 ιο
842 2559 1102 2603 relicum-um
1134 2560 1174 2601 P
1205 2558 1469 2611 reliquorum
1503 2560 1539 2601 0

111 2626 291 2681 aliqain
311 2627 426 2682 0(1)ι

189 2693 247 2740 u
298 2695 447 2739 endem
475 2706 562 2749 qua
592 2697 629 2739 0
655 2695 804 2738 eadem
833 2707 945 2748 quae
986 2696 1064 2737 Po
1105 2693 1254 2737 eadem
1303 2693 1539 2748 eademque

111 2762 258 2808 Kome
275 2763 483 2819 (Dieuch)
501 2776 609 2806 sonte
628 2765 743 2806 MSS
763 2765 868 2807 have
887 2762 1120 2815 eademque
1138 2764 1301 2805 ceteros
1320 2763 1374 2815 (1)

1273 2839 1403 2889 1-2

1653 2067 1687 2135 122

112 2186 198 2237 dia
218 2187 446 2236 vexabat.
511 2186 784 2254 ggijssmubi
806 2187 1003 2235 animus
1025 2202 1090 2235 ex
1121 2187 1295 2235 multis
1326 2186 1540 2235 miseriis
1558 2178 1601 2239 4
1667 2168 1680 2208 Λ
