1728 2944
213 97 276 144 62
542 95 723 147 BELL
735 97 839 147 VM
879 97 962 147 OA
971 98 1282 146 TILINAE.
1470 97 1539 166 [cg
1559 100 1619 153 61

170 238 190 270 3
210 218 356 282 pauci
400 221 582 276 autem,
624 234 746 280 quos
786 219 973 266 medios
1014 220 1186 268 cohors
1230 220 1480 283 praetoria
1524 221 1621 269 dis-

211 300 407 358 iecerat,
438 299 586 362 paulo
623 299 869 347 divorsius
892 301 977 348 sed
1002 317 1170 348 omnes
1198 306 1370 348 tamen
1400 301 1623 350 advorsis

110 430 122 432 -
171 396 193 427 4
211 381 495 428 volneribus
518 381 844 429 conciderant.
919 382 1138 430 Catilina
1159 398 1278 429 vero
1300 382 1444 444 longe
1469 399 1498 429 a
1521 383 1623 430 suis

211 462 344 509 inter
359 461 576 508 hostium
593 462 832 510 cadavera
845 468 1070 526 repertus
1084 468 1172 522 est,
1192 464 1449 526 paululum
1473 464 1623 510 etiam

211 544 405 607 spirans
427 543 756 607 ferociamque
771 545 940 604 animi,
959 562 1107 608 quam
1131 545 1374 592 habuerat
1395 545 1551 603 vivos,
1570 545 1624 590 in
1647 565 1666 598 ⁵

174 641 194 673 5
213 624 354 671 voltu
383 624 615 673 retinens.
688 628 936 687 postremo
960 641 1023 672 ex
1054 625 1190 672 omni
1217 625 1358 687 copia
1387 640 1548 686 neque
1570 624 1626 671 in

211 703 396 767 proelio
441 720 601 767 neque
645 704 700 750 in
745 705 862 767 fuga
907 705 1168 768 quisquam
1214 705 1337 752 civis
1381 705 1626 766 ingenuus

174 798 195 829 6
214 788 388 846 captus
418 788 523 832 est:
558 784 633 831 ita
656 785 823 831 cuncti
846 801 963 832 suae
986 785 1301 847 hostiumque
1325 785 1459 831 vitae
1482 785 1626 831 iuxta

174 891 193 922 7
211 868 543 926 pepercerant.
613 880 774 927 neque
813 869 983 912 tamen
1027 865 1275 912 exercitus
1313 864 1484 927 populi
1529 864 1625 911 Ro-

211 943 348 990 mani
391 944 571 991 laetam
619 949 709 992 aut
760 945 1072 992 incruentam
1117 945 1378 992 victoriam
1417 944 1626 1006 adeptus
1649 967 1690 1003 ιφ

213 1030 333 1074 erat.
404 1042 520 1072 nam
550 1027 936 1074 strenuissumus
961 1027 1168 1090 quisque
1192 1030 1282 1073 aut
1305 1025 1550 1072 occiderat
1572 1025 1626 1072 in

174 1122 194 1154 8
213 1105 400 1168 proelio
435 1111 525 1153 aut
553 1108 772 1169 graviter
795 1107 1081 1154 volneratus
1105 1106 1406 1153 discesserat.
1479 1106 1627 1153 multi

214 1191 394 1246 autem,
429 1186 517 1250 qui
550 1203 577 1234 e
613 1187 787 1234 castris
826 1187 1028 1234 visundi
1067 1191 1157 1234 aut
1193 1186 1437 1249 spoliandi
1465 1186 1626 1248 gratia

212 1271 565 1329 processerant,
603 1267 860 1314 volventes
895 1266 1096 1314 hostilia
1135 1267 1374 1314 cadavera
1413 1266 1625 1312 amicum

213 1346 302 1393 alii
323 1363 437 1410 pars
459 1346 703 1409 hospitem
718 1351 807 1394 aut
825 1351 1088 1408 cognatum
1111 1347 1423 1409 reperiebant
1437 1363 1452 1407 3
1487 1345 1627 1394 fuere
1649 1365 1687 1398 ις
1727 1360 1728 1396 3

175 1450 198 1482 9
214 1425 335 1473 item
359 1426 446 1489 qui
468 1426 692 1473 inimicos
716 1443 829 1473 suos
852 1432 1212 1488 cognoscerent.
1283 1427 1357 1473 ita
1382 1427 1516 1488 var-'ie
1538 1443 1627 1490 per

214 1521 409 1553 omnem
455 1507 729 1553 exercitum
782 1506 976 1554 laetitia
1028 1522 1221 1554 maeror
1265 1506 1431 1553 luctus
1476 1511 1626 1569 atque

213 1586 393 1649 gaudia
419 1585 750 1648 agitabantur.

296 1730 322 1769 2
376 1729 593 1769 Diomedes
618 1729 704 1768 and
733 1729 953 1768 Charisius
982 1726 1196 1778 both‘yive
1222 1741 1268 1768 as
1288 1741 1346 1768 an
1372 1729 1557 1780 example
1583 1731 1632 1780 of

216 1811 273 1838 an
290 1799 359 1838 old
368 1799 481 1850 form
499 1796 578 1837 alis
592 1798 667 1848 sor
684 1796 796 1837 alius
811 1798 859 1836 in
879 1797 1041 1836 Sallust
1060 1795 1143 1836 alis
1162 1795 1266 1835 alibi
1285 1798 1450 1836 stantes
1469 1795 1624 1837 cecide-
1685 1795 1687 1798 ⁴

214 1863 316 1906 runt
352 1877 501 1905 omnes
534 1867 681 1905 tamen
718 1865 911 1905 advorsis
948 1863 1151 1917 (adversis
1194 1862 1350 1916 Diom.)
1379 1863 1626 1904 vulneribus

215 1932 505 1973 conciderunt.
560 1934 736 1973 Dietsch
766 1935 906 1984 prints
934 1934 1000 1972 the
1033 1934 1164 1972 words
1201 1932 1284 1973 alis
1319 1931 1426 1973 alibi
1462 1934 1626 1973 stantes

215 2002 327 2053 after
343 1999 567 2047 divorsius‚
588 2002 660 2040 but
677 2002 726 2040 in
741 2002 1001 2040 italics—see
1019 2006 1132 2041 notes

297 2067 350 2107 18
418 2066 464 2106 G.
505 2066 800 2107 SALLVSTII
847 2066 1034 2106 CRISPI
1079 2066 1316 2106 BELLVM
1355 2067 1622 2126 CATILINIG

214 2133 480 2173 EXPLICIT
507 2133 720 2175 INCIPIT
747 2133 987 2173 BELLVM
1013 2125 1365 2175 1VGVRTH1N“
1391 2134 1626 2176 FALSO—

217 2199 409 2240 GENVS
436 2199 476 2239 P
