1728 2944
205 115 272 164 44
523 115 578 164 0.
626 113 795 164 sALL
807 113 964 164 VSTJ
1005 112 1249 163 CRISPI
1463 108 1524 179 [0.
1552 109 1613 161 51

203 254 351 301 quam
391 237 511 300 quid
556 238 610 283 in
648 237 759 283 illos
798 236 906 283 iure
945 235 1053 283 fieri
1097 238 1260 298 posset
1301 233 1616 296 quaerebant.

164 334 183 365 7
204 317 296 364 hoc
326 317 447 363 item
475 316 615 362 vobis
646 315 1006 377 providendum
1037 319 1125 373 est,
1151 319 1316 376 patres
1339 312 1616 375 conscripti,

113 431 117 433 Α
203 414 268 444 116
301 397 414 460 plus
448 396 580 458 apud
614 411 704 442 vos
737 396 901 453 valeat
935 395 992 442 P.
1023 394 1227 441 Lentuli
1260 397 1312 440 et
1346 396 1619 439 ceterorum

206 478 361 525 scelus
384 493 532 540 quam
555 481 723 522 vostra
746 476 976 538 dignitas,
999 492 1098 522 neu
1120 474 1276 537 magis
1298 474 1401 521 irae
1425 478 1620 521 vostrae

165 574 185 606 8
207 574 354 620 quam
388 557 549 603 famae
584 557 868 606 consulatis,
939 572 1056 602 nam
1087 555 1131 602 si
1161 555 1312 616 digna
1344 570 1502 617 poena
1532 570 1621 616 pro
1643 570 1662 600 s

206 639 352 686 factis
385 655 553 685 eorum
584 638 842 700 reperitur,
875 653 1054 684 novom
1086 636 1345 683 consilium
1377 636 1623 698 adprobo:

207 721 286 768 sin
325 719 615 782 magnitudo
650 719 845 766 sceleris
880 718 1100 765 omnium
1134 717 1333 778 ingenia
1369 721 1621 780 exuperat,

207 802 278 849 eis
312 800 555 847 utendum
591 816 762 846 censeo
797 814 922 862 quae
956 798 1147 860 legibus
1182 801 1449 859 conparata
1489 801 1621 845 sunt.

166 901 187 933 9
207 881 429 945 plerique
463 897 645 940 eorum,
684 880 770 942 qui
803 883 920 926 ante
955 895 1033 925 me
1067 878 1338 924 sententias
1373 878 1622 937 dixerunt,

209 960 475 1024 composite
498 964 647 1022 atque
670 958 926 1020 magnifice
951 973 1118 1004 casum
1140 958 1213 1004 rei
1239 957 1464 1020 publicae
1485 957 1625 1004 mise—
1645 958 1686 1002 ια’
1726 989 1728 1003 2

209 1042 308 1089 rati
347 1046 478 1088 sunt.
549 1055 675 1102 quae
717 1039 838 1086 belli
882 1038 1089 1085 saevitia
1129 1043 1270 1098 esset,
1314 1054 1439 1101 quae
1478 1038 1626 1085 victis

210 1123 502 1181 acciderent,
562 1136 942 1180 enumeravere3
1002 1120 1111 1182 rapi
1166 1119 1397 1182 virgines,
1457 1118 1628 1165 divelli
1689 1135 1694 1167 ζ
1726 1111 1728 1155 3

210 1204 391 1250 liberos
425 1219 455 1249 a
494 1206 756 1265 parentum
797 1201 1070 1263 complexu,
1107 1204 1290 1246 matres
1325 1199 1627 1246 familiarum

211 1283 318 1347 pati
341 1298 465 1345 quae
482 1280 754 1327 victoribus
778 1280 1125 1339 conlubuisset,
1146 1278 1264 1325 fana
1287 1283 1435 1341 atque
1459 1279 1628 1326 domos

212 1363 427 1427 spoliari,
448 1363 643 1410 caedem
666 1361 895 1408 incendia
915 1361 1035 1422 fieri,
1056 1365 1303 1423 postremo
1323 1360 1473 1407 armis
1491 1360 1628 1407 cada—
1648 1346 1710 1418 15⁵⁷

153 1467 194 1490 10
213 1446 411 1492 veribus
445 1460 617 1491 cruore
651 1448 800 1506 atque
836 1443 977 1489 luctu
1010 1442 1176 1489 omnia
1207 1441 1454 1504 compleri.
1524 1440 1623 1502 sed,

213 1543 302 1590 per
319 1526 434 1573 deos
456 1525 747 1584 inmortalis,
768 1542 865 1588 quo
888 1525 977 1572 illa
994 1524 1152 1571 oratio
1174 1523 1444 1586 pertinuit?
1466 1539 1532 1569 an
1553 1522 1632 1569 uti

213 1624 303 1655 vos
326 1606 532 1653 infestos
556 1605 885 1652 coniurationi
915 1604 1131 1651 faceret?
1165 1603 1354 1650 scilicet
1377 1619 1521 1666 quem
1553 1618 1632 1650 res

173 1687 176 1690 ’
213 1692 359 1736 tanta
392 1690 444 1735 et
476 1691 583 1734 tam
617 1690 762 1733 atrox
792 1702 894 1732 non
923 1684 1182 1748 permovit,
1214 1701 1327 1732 eum
1358 1685 1517 1732 oratio
1551 1701 1628 1732 ac-

156 1798 194 1819 11
218 1770 406 1817 cendet.
476 1785 578 1816 non
600 1768 674 1815 ita
696 1771 786 1827 est,
811 1783 971 1830 neque
995 1767 1222 1830 cuiquam
1245 1765 1529 1812 mortalium
1559 1766 1631 1812 in·
1649 1788 1694 1814 ιο
1724 1768 1728 1825 l

216 1851 373 1898 iuriae
418 1866 536 1897 suae
580 1865 763 1912 parvae
801 1849 1070 1896 videntur:
1117 1848 1266 1894 multi
1310 1863 1393 1894 eas
1431 1847 1631 1909 gravius

157 1958 196 1980 12
217 1949 373 1996 aequo
406 1932 632 1980 habuere.
705 1931 790 1978 sed
824 1931 923 1977 alia
955 1930 1066 1976 aliis
1105 1929 1307 1976 licentia
1341 1931 1431 1986 est,
1467 1931 1633 1990 patres

217 2012 495 2074 conscripti.
567 2011 653 2074 qui
686 2010 886 2057 demissi
918 2009 974 2056 in
1007 2010 1212 2056 obscuro
1243 2007 1398 2054 vitam
1432 2006 1631 2066 habent,

216 2093 381 2157 siquid
403 2091 659 2139 iracundia
682 2090 944 2154 deliquere,
964 2088 1108 2152 pauci
1131 2088 1309 2146 sciunt,
1329 2086 1463 2154 fama
1485 2091 1634 2151 atque

299 2221 327 2260 4
380 2230 466 2259 neu
484 2218 560 2258 PG
577 2229 685 2257 neue
706 2218 740 2256 G
745 2217 784 2256 V
1721 2198 1728 2235 5

303 2291 329 2329 8
381 2287 454 2327 his
472 2285 683 2326 utendum
705 2286 738 2325 0
749 2284 868 2325 Vhis
887 2297 964 2324 om.
983 2285 1023 2324 P
1654 2288 1659 2291 “
1691 2281 1695 2283 ’
1726 2321 1728 2343 4

301 2358 326 2398 9
384 2353 644 2395 sententiam
666 2353 706 2393 V
1719 2313 1722 2377 Ι

306 2424 358 2464 14
411 2422 691 2464 conlibuisset
726 2434 750 2462 z
782 2420 929 2476 (Wirz)
959 2419 1266 2462 conlibuissent
1302 2421 1423 2463 PC'V
1450 2419 1637 2474 (Dietsch

225 2489 427 2544 Schmalz)

307 2561 359 2601 15
412 2557 553 2600 ruinis
563 2559 638 2610 for
655 2556 787 2598 armis
809 2557 1018 2599 Wecklein

306 2628 358 2668 19
412 2623 625 2677 permouit
645 2624 722 2664 PG
745 2624 964 2675 permonet
982 2635 1016 2674 p
1046 2622 1109 2673 (in
1133 2620 1312 2675 maryin)
1348 2622 1389 2663 V
1407 2618 1417 2678 l
1438 2619 1638 2662 accendet

224 2697 300 2737 PG
319 2692 512 2735 accendit
524 2706 556 2744 p
577 2691 639 2744 (in
656 2694 838 2743 maryin)
861 2692 938 2732 GV

308 2763 360 2803 23
414 2759 576 2801 habent
593 2760 670 2801 PG
687 2760 819 2811 agunt
832 2771 865 2812 p
886 2757 949 2810 (in
967 2756 1153 2811 margin)
1176 2758 1253 2799 GV
