1728 2944
228 153 256 200 6
569 153 622 202 0.
674 153 1016 204 SALLVSTI
1059 155 1306 205 CRISPI
1518 155 1576 225 [c.
1607 158 1635 209 7

187 303 206 331 4
225 278 378 339 igitur
400 293 538 339 reges
560 277 827 339 populique
844 278 1064 325 finitumi
1078 279 1204 326 bello
1223 285 1476 342 temptare,
1493 297 1637 342 pauci

222 374 286 404 ex
310 358 479 405 amicis
503 358 689 404 auxilio
713 373 845 405 esse:
881 374 997 405 nam
1021 359 1171 406 ceteri
1195 365 1330 406 metu
1362 356 1574 423 perculsi
1611 379 1637 408 a

137 472 141 474 v
189 457 207 486 5
224 439 453 502 periculis
499 439 718 487 aberant.
790 445 844 486 at
891 439 1108 486 Romani
1153 440 1287 487 domi
1332 442 1636 504 militiaeque
1693 429 1695 431 ,

224 522 408 568 intenti
442 521 691 581 festinare,
716 537 902 584 parare,
928 522 1055 568 alius
1085 522 1237 568 alium
1261 522 1463 582 hortari,
1488 523 1636 570 hosti-

224 601 317 648 bus
363 601 558 648 obviam
603 601 689 660 ire,
737 602 1017 648 libertatem
1063 603 1277 664 patriam
1321 604 1676 665 parentisque&

223 682 371 728 armis
394 687 570 744 tegere.
625 686 735 744 post
757 681 845 727 ubi
861 681 1080 744 pericula
1098 682 1285 729 virtute
1299 684 1642 745 propulerant,

224 763 364 809 sociis
388 770 537 824 atque
551 762 719 808 amicis
742 762 929 808 auxilia
950 762 1230 823 portabant,
1247 764 1499 826 magisque
1523 765 1637 810 dan-

223 844 301 891 dis
336 861 484 907 quam
513 844 812 907 accipiundis
842 843 1077 890 benificiis
1106 844 1348 891 amicitias
1377 846 1630 907 parabant.

187 926 825 997 simQfflme
851 942 1032 972 nomen
1062 926 1239 988 imperi
1270 927 1459 988 regium
1493 927 1638 975 habe-

224 992 355 1056 bant.
429 1008 619 1067 delecti,
646 1009 826 1071 quibus
849 1023 1025 1070 corpus
1047 1008 1190 1054 annis
1213 1008 1479 1068 infirmum,
1505 1008 1635 1071 inge·
1655 1029 1717 1071 ωε

168 1140 170 1143 ,
223 1090 363 1136 nium
387 1090 630 1152 sapientia
652 1089 873 1136 validum
898 1094 1016 1148 erat,
1043 1089 1116 1135 rei
1138 1089 1364 1152 publicae
1395 1091 1636 1137 consulta·
1710 1078 1721 1083 ⁰

223 1172 376 1219 bant:
424 1171 471 1217 ei
505 1170 585 1217 vel
620 1174 782 1216 aetate
816 1169 895 1216 vel
931 1185 1077 1216 curae
1112 1169 1436 1217 similitudine
1470 1175 1635 1232 patres

185 1279 204 1309 7
223 1252 607 1315 appellabantur.
682 1254 795 1312 post
830 1249 916 1296 ubi
952 1250 1140 1312 regium
1186 1250 1462 1312 imperium,
1505 1251 1635 1313 quod

221 1333 366 1380 initio
403 1327 763 1379 conservandae
800 1330 1044 1376 libertatis
1084 1334 1232 1392 atque
1268 1331 1518 1392 augendae
1563 1331 1636 1378 rei

223 1413 447 1476 publicae
471 1411 648 1468 fuerat,
674 1411 730 1456 in
763 1410 1042 1472 superbiam
1074 1410 1555 1474 dominationemque
1583 1428 1634 1460 se
1656 1403 1728 1467 153*

223 1494 486 1552 convortit,
511 1493 760 1539 inmutato
795 1507 930 1538 more
964 1508 1130 1537 annua
1163 1492 1370 1554 imperia
1397 1493 1634 1556 binosque

222 1577 541 1639 imperatores
578 1574 671 1620 sibi
708 1573 898 1620 fecere:
952 1589 1008 1620 eo
1049 1573 1193 1619 modo
1231 1574 1449 1621 minume
1496 1590 1635 1637 posse
1702 1606 1713 1633 A·

213 1646 467 1721 'putabant
492 1673 581 1719 per
611 1655 863 1703 licentiam
894 1655 1180 1702 insolescere
1212 1655 1432 1702 animum
1467 1656 1635 1704 huma·
1721 1691 1728 1701 ,

1713 841 1728 862 7

220 1755 353 1785 num.

165 1828 200 1884 7
323 1820 419 1867 Sed
443 1836 500 1866 ea
522 1822 814 1882 tempestate
839 1833 1037 1880 coepere
1061 1834 1111 1865 se
1136 1817 1341 1880 quisque
1372 1816 1527 1881 magis
1556 1835 1636 1866 ex·
1657 1803 1728 1878 za}1

220 1898 394 1948 tollere
450 1899 703 1962 magisque
760 1898 1014 1961 ingenium
1061 1897 1115 1943 in
1159 1903 1394 1960 promptu
1439 1899 1632 1947 habere.
1704 1885 1713 1961 ᾖ

186 2010 205 2030 2
221 1999 337 2029 nam
360 1981 556 2044 regibus
578 1981 695 2028 boni
719 1996 867 2043 quam
889 1979 1007 2026 mali
1030 1981 1351 2042 suspectiores
1375 1984 1492 2026 sunt
1515 1997 1636 2041 sem-
1704 1981 1711 2030 ἴ

184 2094 202 2124 3
221 2079 404 2127 perque
428 2062 497 2109 eis
521 2062 681 2109 aliena
703 2062 865 2122 virtus
894 2061 1214 2119 formidulosa
1241 2068 1328 2109 est.
1400 2062 1486 2109 sed
1519 2063 1635 2109 civi·
1700 2046 1709 2092 ’ἶ

220 2150 299 2192 tas
321 2144 606 2191 incredibile
629 2148 902 2190 memoratu
926 2148 1001 2189 est
1024 2143 1202 2205 adepta
1223 2142 1453 2190 libertate
1484 2160 1635 2207 quan·
1702 2133 1706 2138 ⁶
1726 2163 1728 2173 ⁴

219 2230 330 2273 tum
352 2225 492 2271 brevi
515 2224 726 2271 creverit
747 2240 758 2271 ε
791 2228 933 2270 tanta
955 2222 1132 2285 cupido
1155 2222 1339 2285 gloriae
1353 2223 1629 2274 incesserat.
1654 2252 1673 2276 2
1718 2217 1728 2274 J

183 2331 202 2360 4
220 2307 317 2354 iam
342 2306 559 2369 primum
581 2305 826 2365 iuventus,
845 2304 992 2351 simul
1015 2321 1071 2352 ac
1092 2304 1212 2351 belli
1233 2305 1426 2368 patiens
1444 2310 1560 2365 erat,
1579 2306 1633 2352 in
1670 2319 1673 2341 ¹1

221 2388 395 2435 castris
417 2403 505 2450 per
526 2386 742 2432 laborem
765 2401 911 2432 usum
926 2384 1133 2431 militiae
1150 2384 1369 2432 discebat
1383 2386 1633 2448 magisque
1686 2340 1717 2415 ᾗ

301 2532 353 2572 15
410 2542 454 2572 se
473 2543 550 2572 om.
568 2543 591 2571 z

300 2601 352 2643 27
405 2611 483 2650 per
511 2599 702 2639 laborem
732 2609 815 2639 usu
841 2598 1023 2639 militiae
1051 2599 1091 2639 P
1118 2609 1195 2649 per
1229 2598 1419 2638 laborem
1449 2609 1532 2639 usu
1569 2598 1633 2652 (or

219 2670 362 2719 usum)
395 2666 599 2707 militiam
620 2668 692 2719 ΡΟ
719 2680 795 2719 per
822 2667 983 2707 laboris
1014 2678 1143 2706 usum
1174 2665 1376 2706 militiam
1392 2678 1543 2717 z—per
1569 2666 1631 2706 la·
1681 2699 1698 2725 ὅ

218 2736 363 2775 borem
389 2747 472 2774 usu
499 2734 702 2774 militiam
728 2736 904 2774 Dietsch
932 2735 1120 2775 Schmalz
1140 2732 1268 2773 simul
1285 2727 1444 2772 laboris
1462 2745 1511 2772 ac
1530 2732 1631 2773 belli
1676 2736 1693 2776 s

217 2802 388 2856 patiens
407 2803 511 2853 erat,
534 2801 580 2841 in
602 2800 753 2845 castris
772 2813 852 2842 usu
870 2800 1070 2842 militiam
1090 2799 1281 2842 discebat
1302 2800 1503 2841 Gric'ndel.
1673 2795 1697 2944 ξ

1711 2558 1715 2610 Ι

1693 2620 1713 2668 ‘l
