1728 2944
526 115 580 167 o.
630 114 802 165 ΒΑΜ
814 114 969 165 1⁷er
1012 114 1071 165 01
1082 114 1255 166 essm
1479 114 1540 184 [ο.
1570 118 1599 164 2
1645 0 1728 187 1

183 257 359 304 corpus
382 241 706 289 exercebant:
742 240 894 287 etiam
921 244 1032 288 tum
1068 241 1177 288 vita
1207 241 1464 288 hominum
1495 242 1601 288 sine
1705 239 1718 288 ἕ

182 323 454 386 cupiditate
495 323 793 385 agitabatur,
831 338 921 369 sua
956 323 1134 384 cuique
1169 323 1291 370 satis
1324 323 1598 385 placebant.
1709 312 1714 321 ἔ

141 427 160 448 2
182 407 353 465 postea
375 418 493 449 vero
517 418 666 465 quam
689 402 744 448 in
767 401 894 448 Asia
926 401 1101 464 Cyrus,
1128 404 1183 449 in
1212 403 1421 450 Graecia
1453 402 1601 449 Lace-

183 483 431 531 daemonii
466 486 517 529 et
550 481 884 528 Athenienses
918 498 1118 544 coepere
1159 483 1297 529 urbis
1336 487 1485 544 atque
1521 498 1604 528 na-

183 564 343 611 tiones
366 562 605 624 subigere,
630 561 904 608 lubidinem
939 561 1229 609 dominandi
1260 578 1457 608 causam
1487 560 1605 608 belli
1629 581 1646 611 s
1697 548 1712 601 ᾖ

184 643 379 702 habere,
426 657 711 689 maxumam
749 641 963 704 ,gloriam
1009 642 1065 689 in
1109 657 1343 689 maxumo
1399 642 1606 704 imperio

185 729 377 787 putare,
413 728 522 769 tum
568 721 768 769 demum
803 722 1021 785 periculo
1055 727 1204 784 atque
1238 723 1448 784 negotiis
1483 739 1607 770 com-

186 809 382 867 pertum
428 808 518 862 est,
554 802 610 849 in
656 802 786 849 bello
831 802 1117 866 plurumum
1161 802 1415 885 ingenium
1449 819 1601 865 posse.

147 908 167 938 3
189 885 364 947 quodsi
394 901 565 947 regum
598 887 748 946 atque
776 884 1137 969 imperatorum
1164 871 1319 930 animi
1353 883 1514 931 virtus
1554 885 1607 930 in

188 983 308 1029 pace
331 966 404 1013 ita
427 971 486 1013 ut
508 966 559 1012 in
585 966 715 1012 bello
739 966 941 1025 valeret,
975 939 1282 1028 aequabilius
1313 971 1462 1028 atque
1494 982 1605 1012 con·
1632 992 1671 1012 10

191 1048 406 1095 stantius
443 1064 547 1095 sese
586 1064 665 1095 res
702 1047 948 1095 humanae
982 1047 1238 1107 haberent,
1274 1063 1434 1110 neque
1471 1046 1608 1093 aliud

1698 699 1720 1111 ἰ-’ψ-ὸέ-υε-ν-ν-«ι--ιμ
1708 649 1720 679 ‹-
1709 621 1715 631 -
1702 529 1719 565 ιιι

191 1129 289 1177 alio
312 1129 434 1176 ferri
455 1146 615 1192 neque
639 1130 824 1176 mutari
852 1146 910 1176 ac
941 1129 1136 1177 misceri
1170 1129 1337 1177 omnia
1367 1144 1602 1176 cerneres
1699 1094 1716 1169 ii

150 1234 168 1261 4
191 1226 308 1256 nam
339 1210 602 1272 imperium
637 1210 782 1257 facile
810 1210 880 1256 eis
910 1210 1103 1256 artibus
1137 1210 1396 1267 retinetur,
1429 1165 1728 1337 (111110118μψλν

151 1316 171 1346 5
192 1290 338 1339 initio
365 1297 565 1355 partum
601 1296 687 1339 est.
765 1308 938 1338 verum
973 1292 1061 1338 ubi
1095 1307 1185 1353 pro
1212 1291 1380 1337 labore
1405 1290 1605 1358 an,

193 1390 283 1437 pro
307 1374 616 1421 continentia
639 1378 691 1421 et
713 1374 966 1436 aequitate
1000 1373 1170 1419 lubido
1203 1376 1353 1435 atque
1381 1371 1610 1433 superbia
1633 1392 1671 1423 ις

194 1454 433 1513 invasere,
475 1454 678 1501 fortuna
718 1454 867 1501 simul
907 1470 1019 1501 cum
1057 1453 1276 1500 moribus
1315 1453 1605 1499 inmutatur.
1707 1444 1712 1450 ⁷

156 1559 177 1591 5
195 1537 269 1583 ita
316 1536 580 1599 imperium
626 1552 818 1598 semper
863 1534 927 1582 ad
973 1538 1234 1597 optumum
1283 1549 1526 1597 quemque
1583 1549 1613 1579 a

196 1617 361 1663 minus
382 1617 512 1663 bono
535 1616 850 1665 transfertur.

156 1726 176 1755 ⁷
299 1697 437 1755 Quae
459 1696 683 1743 homines
706 1701 851 1743 arant
873 1695 1114 1758 navigant
1137 1694 1414 1753 aedificant,
1433 1694 1615 1741 virtuti
1712 1751 1728 1763 ..

158 1800 177 1832 8
199 1779 365 1827 omnia
403 1783 593 1842 parent.
665 1778 751 1825 sed
790 1778 940 1825 multi
974 1777 1207 1824 mortales
1252 1777 1410 1824 dediti
1449 1776 1616 1824 ventri
1636 1802 1676 1824 20
1715 1766 1728 1854 j

187 1864 349 1922 -atque
382 1875 553 1905 somno
584 1858 774 1905 indocti
803 1858 1078 1921 incultique
1107 1857 1266 1904 vitam
1298 1857 1446 1904 sicuti
1482 1873 1616 1919 pere·
1707 1857 1728 1922 {1²

199 1939 452 2002 grinantes
475 1938 714 1985 transiere
728 1955 736 1984 τ
769 1938 949 2000 quibus
962 1937 1183 2000 profecto
1197 1941 1370 1984 contra
1383 1941 1616 1983 naturam
1724 1927 1727 1945 ³

201 2019 378 2082 corpus
422 2018 685 2080 voluptati,
732 2018 899 2064 anima
943 2018 1082 2064 oneri
1126 2016 1239 2063 fuit.
1311 2032 1479 2063 eorum
1526 2033 1616 2079 ego

201 2101 359 2148 vitam
381 2105 688 2162 mortemque
709 2099 855 2146 iuxta
877 2103 1116 2157 aestumo,
1143 2098 1377 2161 quoniam
1399 2098 1461 2145 de
1485 2103 1616 2145 utra-
1703 2157 1706 2164 Ι

160 2213 181 2245 9
202 2198 297 2246 que
320 2181 507 2228 siletur.
558 2196 732 2226 verum
757 2179 1007 2226 enimvero
1032 2179 1075 2224 is
1093 2178 1291 2225 demum
1307 2178 1430 2224 mihi
1449 2178 1616 2225 vivere
1640 2204 1680 2237 25
1696 2166 1728 2259 {L-

196 2267 353 2327 -atque
375 2262 477 2310 frui
499 2261 666 2308 anima
688 2261 902 2320 videtur,
929 2260 1016 2324 qui
1038 2260 1203 2323 aliquo
1231 2260 1429 2322 negotio
1459 2259 1618 2306 inten-

286 2425 313 2464 8
366 2423 432 2464 est
458 2422 568 2474 after
593 2423 862 2473 compertum
888 2422 927 2461 is
959 2420 1133 2461 omitted
1156 2420 1205 2459 in
1229 2417 1429 2459 Jordan's
1459 2423 1545 2457 text
1566 2418 1617 2469 by

204 2491 381 2532 mistake

289 2558 341 2597 13
394 2555 464 2597 his
475 2556 550 2607 for
568 2555 630 2595 eis
647 2554 831 2595 Κυὶὄαῑα,

288 2626 339 2663 22
396 2622 604 2664 transiere
626 2624 659 2662 G
677 2623 925 2662 Priscianus
948 2621 1112 2661 Nonius
1139 2620 1348 2671 (Dietsch)
1377 2619 1622 2668 transegere
1689 2619 1709 2665 ,g

205 2693 282 2733 ΡΟ
318 2694 509 2732 Donatus
538 2692 708 2732 Servius
739 2690 913 2743 (Meusel
943 2690 1146 2743 Schmalz)
1186 2687 1370 2730 transire
1407 2688 1492 2727 and
1527 2695 1623 2727 over
1683 2687 1691 2694 “’

208 2763 275 2802 the
296 2763 380 2801 line
398 2760 467 2802 vel
483 2762 725 2810 transegere
745 2759 802 2799 P1

1410 2855 1427 2888 .·’
1471 2855 1507 2882 -’)
