1728 2944
221 132 283 181 46
547 132 599 189 C.
624 145 627 149 ·
651 132 823 181 SALL
834 133 1013 182 VSTJ‘
1032 104 1275 182 omes
1483 131 1540 200 [0.
1558 134 1630 181 51

219 274 320 305 non
350 257 599 315 addidisti,
630 257 707 303 uti
737 258 875 318 prius
906 257 1191 304 verberibus
1221 258 1276 303 in
1305 245 1387 304 606
1421 257 1637 304 animad-

156 363 197 385 22
220 337 529 385 vorteretur?
561 333 567 401 Ι
598 353 661 382 an
679 337 795 398 quia
809 336 891 382 lex
906 336 1082 383 Porcia
1100 336 1267 383 vetat?
1296 341 1350 382 at
1366 336 1490 383 aliae
1507 337 1636 399 leges

218 419 341 466 item
376 418 716 465 ‘condemnatis
755 417 946 464 civibus
989 434 1090 464 non
1131 417 1347 463 animam
1387 417 1511 480 eripi
1551 418 1636 464 sed

157 519 198 550 23
221 500 427 547 exilium
450 498 674 561 permitti
695 498 884 546 iubent.
937 515 1000 544 an
1019 499 1135 560 quia
1157 499 1357 560 gravius
1379 503 1455 544 est
1471 499 1636 545 verbe-

220 582 321 628 rari
353 597 501 643 quam
531 580 726 627 necari?
761 580 881 642 quid
912 585 1078 626 autem
1110 580 1339 626 acerbum
1368 583 1456 625 aut
1486 579 1636 626 nimis
1656 592 1676 622 5

158 682 198 712 24
220 678 369 724 grave
393 666 467 708 est
489 663 544 708 in
574 661 796 708 homines
826 662 959 707 tanti
989 661 1222 707 facinoris
1246 660 1534 708 convictos?
1557 661 1635 707 sin

221 742 338 805 quia
383 741 540 788 levius
576 738 670 799 est,
713 740 799 802 qui
838 740 1069 787 convenit
1114 740 1169 786 in
1212 740 1399 786 minore
1438 740 1635 802 negotio

156 842 196 871 25
220 823 377 886 legem
410 823 600 881 timere,
637 839 749 869 cum
784 838 892 869 eam
933 822 987 868 in
1022 822 1204 868 maiore
1238 821 1537 883 neglegeris?
1583 827 1636 868 at

220 904 352 951 enim
375 903 486 966 quis
513 902 850 965 reprehendet,
876 902 1007 964 quod
1036 902 1090 947 in
1119 901 1387 968 parricidas
1417 901 1489 947 rei
1518 902 1635 963 pub-

219 985 341 1031 licae
364 985 614 1031 decretum
638 983 764 1030 erit?
796 987 993 1045 tempus
1016 983 1120 1029 dies
1151 982 1364 1041 fortuna,
1391 983 1530 1029 cuius
1559 983 1630 1030 lu·
1657 997 1701 1022 τό

221 1066 334 1113 bido
357 1066 588 1128 gentibus
610 1065 900 1113 moderatur.
969 1064 1070 1111 illis
1094 1065 1269 1111 merito
1291 1063 1476 1110 accidet
1500 1064 1637 1126 quid-

158 1155 199 1187 26
221 1147 341 1210 quid
364 1147 596 1194 evenerit.
667 1151 883 1193 ceterum
907 1162 1007 1204 vos,
1030 1150 1195 1208 patres
1219 1144 1495 1206 conscripti,
1516 1145 1640 1207 quid*

158 1249 199 1279 27
221 1227 276 1274 in
298 1227 420 1274 alios
443 1227 676 1274 statuatis
699 1226 1013 1273 considerate.
1073 1227 1238 1272 onmia
1261 1226 1389 1283 mala
1411 1226 1636 1288 exempla

222 1323 286 1354 ex
321 1309 467 1355 rebus
502 1308 644 1355 bonis
679 1314 788 1355 orta
824 1314 950 1355 sunt.
1025 1309 1110 1355 sed
1150 1308 1238 1355 ubi
1275 1307 1537 1370 imperium
1571 1308 1636 1355 ad

220 1389 418 1450 ignaros
464 1387 611 1455 [eius]
651 1394 739 1436 aut
778 1389 942 1436 minus
982 1389 1135 1436 bonos
1174 1390 1413 1452 pervenit,
1455 1406 1634 1437 novom
1657 1397 1701 1445 ις’

221 1469 347 1516 illud
382 1470 660 1532 exemplum
699 1471 762 1516 ab
797 1469 959 1532 dignis
998 1475 1049 1516 et
1084 1470 1272 1516 idoneis
1307 1471 1370 1517 ad
1409 1471 1637 1534 indignos

160 1567 199 1598 28
223 1555 273 1599 et
304 1559 405 1597 non'
427 1550 626 1597 idoneos
649 1550 962 1598 transfertur.
1035 1551 1407 1598 Lacedaemonii
1430 1553 1637 1600 devictis

223 1633 615 1682 Atheniensibus
659 1634 870 1696 triginta
911 1634 1043 1681 viros
1086 1634 1360 1697 inposuere,
1403 1636 1489 1698 qui
1532 1653 1636 1683 rem

160 1738 200 1769 29
222 1716 468 1780 publicam
499 1731 666 1761 eorum
697 1719 981 1763 tractarent.
1053 1715 1100 1762 ei
1126 1716 1285 1778 primo
1307 1733 1504 1779 coepere
1535 1716 1642 1781 pes?

222 1814 419 1845 sumum
442 1806 684 1859 quemque
712 1801 762 1843 et
793 1797 1020 1843 omnibus
1049 1797 1264 1844 invisum
1295 1798 1635 1847 indemnatum
1654 1774 1728 1848 §oi

222 1894 407 1926 necare.
482 1894 540 1924 ea
575 1878 786 1940 populus
817 1879 993 1924 laetari
1024 1883 1076 1925 et
1110 1879 1287 1926 merito
1323 1881 1481 1927 dicere
1513 1883 1644 1930 fieri.'

161 1981 204 2011 30
222 1967 333 2024 post
366 1961 454 2008 ubi
491 1960 732 2023 paulatim
768 1959 970 2006 licentia
1005 1960 1175 2020 crevit,
1211 1961 1355 2007 iuxta
1395 1962 1546 2010 bonos
1586 1969 1638 2011 et

221 2042 377 2089 malos
410 2041 686 2087 lubidinose
719 2040 1005 2101 interficere,
1039 2039 1224 2087 ceter0s
1254 2046 1390 2088 metu
1420 2047 1634 2092 terrere:

158 2146 200 2176 31
221 2123 295 2171 ita
318 2123 494 2170 civitas
517 2121 755 2168 servitute
774 2122 1004 2183 obpressa
1026 2122 1207 2169 stultae
1230 2122 1449 2170 laetitiae
1470 2125 1635 2187 gravis

236 2241 243 2253 f
305 2231 329 2270 1
384 2229 433 2269 in
451 2241 524 2269 606
544 2228 792 2268 uerberibus
814 2229 854 2268 V

202 2307 205 2309 ’
238 2320 240 2322 >
304 2299 330 2338 3
383 2296 490 2337 item
509 2295 561 2335 de
579 2294 875 2335 condemnatis
896 2296 938 2335 V

304 2366 331 2405 8
383 2362 618 2414 neglegeris
634 2363 710 2402 PG
730 2360 842 2414 (only
861 2374 935 2401 one
947 2363 1146 2412 perhaps)
1166 2362 1400 2412 neglexeris
1421 2366 1455 2405 0
1461 2366 1498 2405 V

304 2432 357 2472 14
411 2431 535 2471 bonis
572 2431 692 2470 PGV
725 2429 968 2469 domesticis
1008 2431 1043 2469 0
1081 2430 1273 2483 (inferior
1288 2448 1301 2472 .·
1337 2445 1365 2471 α
1402 2434 1631 2483 conjecture
1700 2485 1702 2487 .

219 2501 439 2551 ‚suyyested
471 2501 522 2551 by
548 2501 571 2548 ξ
599 2498 693 2551 37?)
723 2510 776 2537 ex
802 2497 927 2537 bonis
953 2499 1096 2539 Schb'll
1123 2498 1253 2551 (Wirz
1277 2500 1481 2551 Schmalz)
1504 2498 1559 2541 eii
1583 2514 1631 2542 re

222 2568 348 2609 bonis
365 2568 584 2607 Klimcha
1066 2595 1069 2597 Α
1550 2566 1560 2572 ”
1701 2563 1705 2566 ”

206 2683 211 2689 ¹
243 2645 249 2688 ζ
305 2635 357 2675 15
410 2633 584 2683 ignaros
604 2633 696 2672 eius
724 2633 801 2673 GV
820 2634 887 2673 the
913 2631 1006 2673 61116
1031 2634 1106 2674 has
1133 2635 1231 2674 been
1255 2636 1398 2675 erased
1415 2636 1463 2675 in
1479 2636 1520 2675 P
1544 2637 1630 2676 and
1683 2659 1698 2688 ,3

222 2704 271 2743 in
287 2714 392 2742 some
414 2702 448 2741 G
465 2700 645 2761 ignauos
668 2701 702 2740 C'
722 2699 826 2754 (one)
847 2699 962 2740 ciues
984 2700 1019 2740 0
1040 2698 1142 2754 (one)
1170 2699 1177 2754 Ι
1199 2700 1362 2740 bonum
1378 2703 1452 2753 for
1469 2714 1627 2743 novom

228 2771 412 2812 Grit'ndel
716 2775 722 2782 ·“
999 2774 1001 2778 ’
1361 2784 1363 2787 <
1451 2781 1454 2783 ·
1515 2773 1517 2776 ·
1562 2772 1567 2782 “
1680 2767 1686 2780 ’
