1728 2944
162 147 201 181 c.
230 128 318 198 55]
385 151 387 153 ·
506 129 800 181 BELLVM
833 128 1245 181 CATILINAE.
1514 128 1582 178 55
1644 144 1646 146 ·

161 257 334 301 tentus
349 261 353 265 “
371 268 462 300 sua
498 253 771 316 neglegere,
808 253 938 300 nihil
984 252 1230 316 denegare
1274 249 1408 315 quod
1453 250 1584 299 dono

162 331 368 394 dignum
391 337 531 391 esset,
548 333 646 380 sibi
666 349 903 395 magnum
918 332 1181 396 imperium
1195 331 1471 380 exercitum
1483 330 1584 379 bel-

161 411 267 459 lum
290 428 470 460 novom
492 413 776 476 exoptabat,
803 413 892 460 ubi
914 413 1078 461 virtus
1100 412 1370 460 enitescere
1399 416 1577 475 possea

160 497 217 541 at
240 493 419 541 Catoni
445 494 667 543 studium
698 494 969 542 modestiae
1003 484 1208 555 decd’ris,
1232 493 1320 541 sed
1348 507 1582 541 maxume
1602 507 1622 539 s

67 567 73 571 ’
121 592 143 624 s
161 574 441 623 severitatis
484 581 605 624 erat
676 592 779 623 non
824 575 1017 624 divitiis
1061 592 1174 624 cum
1220 572 1378 624 divite
1421 588 1582 637 neque
1602 583 1624 616 ⁶

160 654 377 708 factione
399 671 512 703 cum
533 654 751 716 factioso,
779 656 866 703 sed
888 672 1000 704 cum
1024 661 1226 705 strenuo
1249 656 1440 703 virtute
1466 656 1582 705 cum

159 734 380 782 modesto
402 735 591 798 pudore
609 751 723 784 cum
739 736 1003 785 innocente
1019 736 1325 784 abstinentia
1341 736 1579 797 certabat,

159 830 264 862 esse
301 831 452 878 quam
491 815 653 863 videri
690 816 850 864 bonus
888 816 1135 866 malebat:
1175 816 1249 864 ita
1282 833 1381 880 quo
1414 815 1581 865 minus

159 895 362 959 petebat
382 895 605 958 gloriam,
631 912 688 943 eo
713 896 868 959 magis
890 897 1032 944 illum
1055 897 1368 960 sequebatur.

105 1002 146 1026 ιο
261 976 547 1040 Postquam,
585 983 644 1025 ut
677 978 801 1038 dixi,
825 984 1027 1026 senatus
1059 978 1116 1025 in
1151 978 1354 1027 Catonis
1387 983 1580 1027 senten·
1602 976 1676 1034 55

159 1057 283 1105 tiam
306 1057 547 1117 discessit,
570 1058 742 1105 consul
765 1063 1027 1122 optumum
1050 1058 1188 1106 factu
1212 1064 1352 1106 ratus
1382 1064 1579 1108 noctem

159 1155 286 1203 quae
315 1139 536 1187 instabat
564 1145 870 1203 antecapere,
894 1140 1082 1203 nequid
1113 1156 1172 1188 eo
1194 1141 1355 1203 spatio
1377 1157 1579 1190 novare

157 1226 258 1280 tur,
293 1221 584 1269 triumviros
626 1237 754 1285 quae
801 1219 905 1288 [ad]
949 1222 1248 1286 supplicium
1293 1222 1580 1286 postulabat

158 1317 332 1365 parare
353 1301 506 1361 iubet,
531 1302 636 1365 ipse
658 1302 916 1367 praesidiis
938 1303 1193 1366 dispositis
1215 1302 1489 1351 Lentulum
1522 1303 1578 1352 in
1598 1328 1618 1350 2

2 1422 5 1433 ,
102 1403 144 1446 ps
158 1397 398 1430 carcerem
433 1381 646 1432 deducit.
716 1382 848 1430 idem
887 1383 946 1431 fit
981 1383 1158 1431 ceteris
1188 1399 1278 1447 per
1310 1389 1571 1447 praetores,

156 1468 237 1510 est
256 1462 312 1510 in
334 1478 526 1510 carcere
548 1463 685 1511 locus
706 1463 1148 1526 quod'Tullianum
1170 1464 1463 1528 appellatur,
1488 1466 1576 1515 ubi
1597 1486 1618 1518 ³

159 1543 417 1608 paululum
449 1543 726 1592 ascenderis
751 1544 816 1592 ad
845 1544 1053 1604 laevam,
1086 1532 1284 1593 circiter
1315 1545 1600 1606 duodecim=

157 1624 307 1689 pedes
335 1625 477 1673 humi
505 1625 776 1690 depressus.
846 1643 962 1675 eum
992 1627 1228 1676 muniunt
1249 1627 1471 1691 undique
1493 1644 1576 1692 pa·
1596 1646 1618 1677 4

34 1760 39 1774 ⁰
158 1706 309 1755 rietes
351 1712 502 1770 atque
546 1707 749 1770 insuper
798 1723 993 1755 camera
1045 1707 1256 1771 lapideis
1301 1707 1574 1758 fornicibus

12 1789 40 1812 ⁴
93 1805 147 1849 po
159 1787 344 1846 iuncta,
358 1787 445 1835 sed
466 1787 660 1835 incultu
683 1787 902 1836 tenebris
924 1787 1073 1836 odore
1095 1788 1241 1842 foeda
1262 1793 1413 1852 atque
1435 1789 1576 1837 terri-

12 1856 14 1867 *
160 1866 272 1915 bilis
293 1867 400 1915 eius
422 1866 570 1915 facies
591 1872 680 1914 est.
734 1866 789 1915 in
812 1883 926 1915 eum
943 1868 1106 1916 locum
1119 1874 1383 1932 postquam
1400 1869 1575 1918 demis-
1595 1888 1615 1920 s

156 1964 242 1997 sus
262 1954 339 1997 est
361 1947 621 2010 Lentulus,
641 1948 861 1997 vindices
883 1965 1050 1998 rerum
1073 1950 1374 2014 capitalium,
1392 1951 1574 2015 quibus
1602 2009 1605 2013 ,

236 2159 264 2202 9
317 2170 368 2200 eo
384 2157 509 2199 inum
526 2158 663 2211 magis
683 2158 939 2211 sequebatur
963 2162 1201 2214 Auyustine
1218 2173 1269 2203 eo
1287 2160 1428 2214 magis
1446 2160 1573 2204 illum

155 2224 463 2277 suequebatnr
478 2226 556 2267 Po
582 2225 708 2267 illam
729 2227 764 2267 G
791 2226 1049 2278 sequebatur
1069 2229 1105 2269 G
1139 2227 1246 2283 (one)
1267 2241 1318 2270 eo
1335 2230 1477 2281 magis
1494 2229 1572 2272 illa

155 2293 412 2345 coquebatur
422 2307 444 2335 a
461 2292 570 2348 (one)
587 2293 901 2350 (Dianam—eo
914 2297 1055 2348 magis
1067 2296 1194 2338 illum
1207 2309 1258 2338 ea
1273 2309 1308 2341 s.
1327 2299 1575 2340 Scheindler

238 2362 291 2403 13
343 2362 546 2404 tresviros
559 2364 737 2405 Dieuch
751 2365 861 2406 Wirz
877 2365 1070 2406 Schmalz
1093 2363 1102 2422 Ι
1125 2364 1180 2406 ad
1191 2366 1335 2407 erased
1347 2378 1395 2407 or
1405 2367 1573 2407 written

2 2419 7 2430 '
67 2429 71 2435 '
154 2438 253 2470 over
269 2429 336 2470 the
350 2429 437 2470 line
455 2430 504 2470 in
522 2442 629 2471 nome
649 2430 686 2471 0
701 2430 985 2483 postulabant
1006 2433 1041 2473 G
1059 2431 1170 2485 (one)

154 2559 192 2603 s
236 2495 290 2538 1⁷
342 2495 589 2538 ascenderis
635 2498 713 2540 Po
758 2498 1029 2542 descenderis
1060 2513 1084 2542 z
1123 2500 1157 2555 (⁴
1170 2500 1332 2555 riqhtly
1362 2501 1570 2554 perhapn’

186 2561 492 2671 “eadwinum
503 2628 582 2671 ΡΟ
597 2628 747 2673 uincta
766 2632 803 2672 G
823 2630 831 2686 Ι
855 2630 1026 2674 incultu
1038 2632 1117 2673 ΡΟ
1132 2630 1300 2674 inculta
1319 2632 1356 2674 0

2 2707 19 2774 ¹2·
67 2766 70 2772 .
128 2760 131 2763 Ι
155 2771 194 2804 8·
210 2694 812 2817 ‚ziandnfficmndm
822 2700 1123 2743 PCx-Kome
1137 2702 1279 2744 struck
1292 2707 1366 2744 out
1376 2700 1569 2746 uindices
