1728 2944
196 107 265 184 18⁵
541 131 592 185 0.
639 131 808 183 ΒΑΜ
819 133 976 183 VSTJ
1020 131 1263 183 CRISPI
1453 132 1512 201 [0.
1541 135 1604 183 20

16 292 53 345 4
130 275 172 299 το
191 257 367 329 fueris,-
384 274 474 321 pet·
505 257 715 305 dedecus
746 243 1012 304 amittere?
1046 273 1219 304 verum
1244 257 1495 304 enimvero
1517 272 1607 318 pro

192 339 339 386 deum
361 343 510 401 atque
534 338 790 385 hominum
813 338 961 384 fidem
983 337 1195 384 victoria
1218 337 1273 383 in
1295 353 1446 383 manu
1469 337 1609 383 vobis

193 423 282 479 est,
324 419 462 481 viget
498 424 646 476 aetas,
691 418 885 464 animus
919 418 1083 478 valet3
1119 422 1292 464 contra
1327 418 1428 464 illis
1467 418 1611 464 annis

194 504 343 562 atque
378 498 569 545 divitiis
604 497 769 566 omnia
793 501 1167 544 consenuerunt.
1241 502 1439 543 tantum
1468 497 1613 543 modo

135 597 172 620 11
195 579 392 640 incepto
416 593 539 639 opus
563 580 651 638 est,
681 564 844 623 cetera
867 592 945 623 res
980 576 1221 638 expediet.
1296 577 1480 622 etenim
1504 576 1614 639 quis
1637 591 1656 622 s

196 658 495 715 mortalium,
521 656 602 703 cui
624 656 769 703 virile
803 655 1058 718 ingenium
1082 660 1172 713 est,
1197 656 1408 702 tolerare
1435 660 1613 718 potest,

197 739 298 786 illis
320 737 522 785 divitias
545 753 790 799 superare,
808 754 930 800 quas
948 737 1255 799 profundant
1272 737 1326 783 in
1344 737 1618 784 extruendo
1648 732 1661 786 ζ

198 820 325 866 mari
349 823 400 866 et
416 819 669 866 montibus
688 819 1029 881 coaequandis,
1047 819 1189 865 nobis
1204 835 1307 866 rem
1325 819 1620 865 familiarem

200 901 352 948 etiam
376 900 440 947 ad
463 900 736 947 necessaria
758 900 956 948 deesse?
1000 900 1111 947 illos
1134 900 1277 947 binas
1299 905 1388 946 aut
1411 899 1622 961 amplius

202 982 372 1029 domos
395 981 700 1040 continuare,
719 982 861 1028 nobis
885 982 1039 1028 larem
1063 981 1357 1028 familiarem
1377 996 1620 1043 nusquam
1647 1000 1689 1022 10

149 1085 186 1108 12
204 1063 362 1110 ullum
386 1062 521 1110 esse?
589 1079 700 1109 cum
735 1063 932 1110 tabulas
957 1063 1097 1125 signa
1119 1067 1400 1110 toreumata
1431 1065 1621 1120 emunt,

204 1160 335 1192 nova
371 1143 590 1205 diruunt,
634 1144 730 1191 alia
776 1144 1054 1203 aedificant,
1102 1149 1351 1207 postremo
1397 1143 1625 1190 omnibus

206 1225 365 1272 modis
388 1224 648 1286 pecuniam
673 1224 885 1271 trahunt
907 1229 1108 1282 vexant,
1138 1229 1307 1270 tamen
1330 1239 1521 1270 summa
1550 1222 1625 1268 lu-

150 1320 189 1350 13
210 1305 381 1352 bidine
407 1304 610 1350 divitias
634 1320 748 1350 suas
772 1304 967 1350 vincere
989 1308 1254 1366 nequeunt.
1314 1307 1370 1350 at
1391 1303 1533 1349 nobis
1555 1305 1632 1348 est

209 1384 344 1432 domi
366 1384 546 1446 inopia,
567 1383 688 1430 foris
713 1400 794 1430 aes
818 1384 1050 1442 alienum,
1074 1384 1205 1430 mala
1227 1399 1318 1442 res,
1340 1399 1449 1446 spes
1471 1383 1629 1429 multo
1653 1405 1692 1436 ις

211 1464 429 1527 asperior
447 1480 462 1523 3
514 1463 726 1525 denique
773 1463 893 1525 quid
939 1463 1119 1526 reliqui
1155 1463 1391 1510 habemus
1436 1467 1631 1528 praeter

153 1562 192 1591 14
212 1547 440 1592 miseram
465 1545 713 1592 animam?
760 1545 884 1608 quin
906 1545 1062 1607 igitur
1093 1546 1524 1608 expergiscimini?
1568 1561 1631 1591 en

213 1627 300 1673 illa
323 1627 410 1672 illa
433 1643 581 1689 quam
614 1643 757 1689 saepe
793 1627 1003 1689 optastis
1033 1627 1254 1685 libertas,
1287 1631 1541 1689 praeterea
1563 1626 1633 1672 di-

213 1707 367 1754 vitiae
404 1706 552 1753 decus
583 1707 740 1768 gloria
785 1706 840 1752 in
887 1706 1042 1753 oculis
1088 1706 1185 1753 sita
1230 1711 1358 1752 sunt.
1432 1706 1634 1753 fortuna

157 1801 194 1833 15
215 1789 381 1836 omnia
417 1804 475 1835 ea
505 1788 778 1835 victoribus
813 1788 1035 1851 praemia
1070 1788 1249 1851 posuit.
1322 1804 1400 1835 res
1439 1793 1635 1850 tempus
1657 1812 1699 1835 αα

215 1869 432 1932 pericula
455 1873 659 1931 egestas,
684 1870 804 1916 belli
827 1870 985 1932 spolia
1009 1871 1271 1933 magnifica
1300 1870 1456 1932 magis
1487 1886 1635 1932 quam

159 1956 199 1988 ¹6
218 1949 377 1997 oratio
395 1965 504 1994 mea
526 1964 614 1995 vos
637 1948 912 1997 hortantur.
957 1949 1039 1996 vel
1062 1949 1357 2011 imperatore
1375 1949 1455 1996 vel
1477 1949 1638 1995 milite

219 2046 299 2077 me
328 2029 559 2087 utimini3
594 2045 754 2092 neque
795 2030 992 2077 animus
1028 2047 1189 2094 neque
1227 2047 1403 2093 corpus
1433 2047 1464 2077 a
1497 2030 1638 2077 vobis

30 638 91 646 ‘—

304 2167 329 2208 1
385 2165 611 2207 admittere
622 2168 697 2218 sor
715 2166 911 2206 amittere
930 2167 1086 2206 Hartel
1107 2167 1385 2216 (Scheindler)

303 2236 329 2274 2
384 2233 433 2274 in
463 2246 597 2273 manu
624 2232 749 2272 uobis
785 2247 812 2284 p
844 2234 906 2283 (in
932 2234 1113 2285 maryin)
1145 2234 1221 2272 CV
1248 2234 1393 2286 (Wirz)
1424 2233 1471 2272 in
1507 2246 1639 2273 manu

223 2301 349 2342 nobis
376 2303 451 2341 PG
481 2300 671 2355 (Dietsch
706 2302 912 2353 Schmalz)
931 2301 1055 2342 nobis
1082 2302 1131 2340 in
1157 2314 1292 2341 manu
1319 2303 1565 2342 Priscianus
1593 2303 1641 2342 in

224 2370 426 2411 manibus
445 2383 466 2409 z

278 2433 281 2436 ’
306 2441 331 2481 ’7
358 2445 360 2447 ’
385 2437 619 2478 extruendo
639 2439 754 2479 POV
773 2440 949 2479 ‘Acron'
979 2437 1244 2478 extrudendo
1271 2438 1316 2479 J.
1339 2438 1390 2479 F.
1411 2438 1640 2478 Gronovius
1722 2381 1727 2511 ἱ

227 2508 432 2558 (Dietsch)
1635 2497 1639 2500 ’
1721 2515 1728 2577 11,

308 2574 361 2613 10
414 2571 669 2613 familiarem
687 2586 762 2615 om.
785 2573 972 2614 Eussner
1726 2572 1728 2601 1

309 2642 360 2683 17
415 2653 470 2680 en
488 2654 564 2681 om.
588 2642 628 2681 V

308 2708 361 2746 22
412 2706 645 2748 hortantur
663 2709 701 2748 P
720 2707 782 2762 (or
793 2712 856 2759 p?
875 2710 924 2748 in
940 2708 1120 2760 maryin)
1144 2710 1201 2749 Vz
1217 2706 1446 2749 hortentur
1466 2706 1543 2746 PG

309 2776 361 2815 23
415 2774 591 2815 utimini
608 2777 684 2816 ΡΟ
701 2775 883 2816 utemini
895 2778 967 2828 ΡΟ
973 2778 1011 2817 V
1026 2775 1168 2830 (Wirz)
