1728 2944
201 98 264 154 34
535 100 588 150 0.
611 102 614 106 ·
639 98 808 150 ΒΑΜ
820 95 974 149 VSTI
987 93 1000 96 ’·
1018 87 1265 150 ORISPJ
1457 81 1513 168 [ο.
1544 104 1607 151 40

197 222 301 269 lina
315 227 647 286 praeceperat,
675 216 1005 286 quoscumque
1033 225 1253 271 moribus
1283 229 1370 271 aut
1404 224 1610 272 fortuna

197 303 341 350 novis
370 304 514 350 rebus
553 303 754 350 idoneos
785 304 1026 363 credebat,
1060 309 1148 351 aut
1183 321 1272 366 per
1308 320 1359 351 se
1399 310 1488 351 aut
1522 321 1612 367 per

198 383 320 430 alios
360 383 666 443 sollicitabat,
704 398 863 445 neque
899 384 1056 430 solum
1094 384 1229 442 civis,
1256 385 1340 431 sed
1377 386 1611 447 cuiusque

175 496 177 499 ι
199 464 333 510 modi
354 479 508 525 genus
530 462 800 522 hominum,
828 463 954 525 quod
981 463 1125 510 modo
1157 464 1284 510 bello
1320 464 1432 510 usui
1466 464 1605 511 foret.

103 536 180 594 40
200 542 356 605 igitur
378 543 432 590 P.
462 542 734 589 Umbreno·
757 543 951 589 cuidam
986 543 1233 605 negotium
1262 544 1361 605 dat,
1389 544 1466 590 uti
1488 545 1611 606 lega·
1633 565 1652 595 5

200 630 278 672 tos
314 624 643 686 Allobrogum
673 625 895 686 requirat
929 641 1121 687 eosque,
1147 624 1187 672 si
1214 627 1379 687 possit,
1406 626 1614 688 inpellat

205 706 269 753 ad
295 705 581 752 societatem
604 705 737 763 belli,
754 706 1061 753 existumans
1077 707 1271 768 publice
1285 707 1614 769 privatimque

202 802 313 832 aere
347 785 508 832 alieno
542 786 807 847 obpressos,
833 791 1097 848 praeterea,
1124 787 1255 848 quod
1282 791 1464 833 natura
1496 803 1615 848 gens

176 896 179 898 >
205 866 394 913 Gallica
416 866 646 913 bellicosa
670 872 811 926 esset,
837 867 981 913 facile
1012 882 1092 913 eos
1127 867 1191 913 ad
1222 868 1322 913 tale
1357 867 1614 913 consilium

164 971 183 992 2
203 946 382 993 adduci
404 962 555 1008 posse.
628 946 930 1005 Umbrenus,
970 946 1101 1008 quod
1140 947 1194 992 in
1235 946 1399 993 Gallia
1430 947 1613 1009 negoti-
1635 967 1676 987 10

203 1031 317 1074 atus
352 1030 474 1084 erat,
512 1025 758 1088 plerisque
797 1026 1102 1089 principibus
1148 1026 1427 1073 civitatium
1467 1032 1616 1074 notus

204 1112 312 1154 erat
334 1111 483 1169 atque
507 1122 589 1152 eos
611 1111 829 1153 noverat.
899 1106 1068 1168 itaque
1103 1106 1209 1153 sine
1232 1123 1383 1166 mora,
1410 1107 1497 1153 ubi
1518 1108 1616 1170 pri-

204 1197 342 1234 mum
365 1187 551 1249 legatos
585 1186 640 1232 in
673 1186 782 1233 foro
817 1186 1088 1248 conspexit,
1124 1192 1439 1248 percontatus
1461 1204 1617 1249 pauca

205 1269 266 1317 de
289 1274 425 1316 statu
448 1267 663 1315 civitatis
687 1273 737 1314 et
759 1268 899 1330 quasi
922 1268 1092 1314 dolens
1116 1269 1219 1315 eius
1250 1284 1430 1325 casum,
1456 1268 1615 1331 requi-

205 1367 313 1398 rere
347 1351 522 1413 coepit,
559 1366 704 1412 quem
738 1350 929 1396 exitum
963 1350 1118 1396 tantis
1158 1350 1301 1396 malis
1347 1355 1610 1411 sperarent.
1638 1365 1675 1395 15

166 1454 186 1485 3
207 1435 467 1493 postquam
515 1430 626 1476 illos
660 1429 800 1476 videt
833 1429 973 1491 queri
1007 1430 1068 1476 de
1114 1431 1324 1476 avaritia
1367 1430 1619 1492 magistra-

207 1518 364 1570 tuum,
401 1527 627 1558 accusare
663 1515 889 1558 senatum
935 1511 1066 1574 quod
1106 1511 1161 1557 in
1202 1527 1259 1558 eo
1300 1512 1458 1557 auxili
1492 1511 1618 1557 nihil

207 1599 347 1653 esset,
384 1593 593 1640 miseriis
627 1593 727 1639 suis
775 1592 1045 1639 remedium
1086 1597 1295 1639 mortem
1342 1596 1616 1654 expectare,

213 1681 293 1724 ‘at
334 1675 449 1738 ego’
497 1675 663 1736 inquit
713 1675 895 1733 ‘vobis,
932 1674 975 1720 si
1008 1674 1152 1721 modo
1186 1674 1283 1721 viri
1317 1690 1420 1721 esse
1454 1659 1617 1732 voltis,

207 1758 451 1805 rationem
482 1756 751 1814 ostendam,
778 1773 876 1818 qua
898 1761 1040 1802 tanta
1062 1756 1158 1802 ista
1181 1755 1310 1802 mala
1339 1755 1582 1817 effugiatis
1592 1753 1616 1803 '.
1637 1773 1680 1795 20

167 1860 187 1890 4
207 1837 349 1884 haec.
379 1836 468 1883 ubi
517 1836 648 1882 dixit
701 1836 994 1898 Allobroges
1045 1837 1099 1882 in
1155 1852 1437 1882 maxumam
1485 1851 1620 1898 spem

207 1918 411 1965 adducti
435 1918 747 1990 merenum
770 1933 910 1964 orare
933 1922 991 1964 ut
1014 1918 1090 1963 sui
1118 1918 1456 1964 misereretur:
1494 1916 1628 1986 nihil

208 2006 315 2047 tam
349 2015 577 2062 asperum
611 2015 772 2061 neque
815 2003 919 2045 tam
965 1999 1161 2045 difficile
1202 2014 1320 2056 esse,
1355 1997 1486 2059 quod
1519 2013 1620 2044 non

211 2078 539 2142 cupidissume
573 2078 758 2124 facturi
790 2083 966 2136 essent,
1003 2078 1121 2124 dum
1155 2093 1213 2123 ea
1246 2093 1324 2124 res
1364 2077 1618 2124 civitatem

171 2179 190 2210 5
209 2176 320 2213 aere
354 2159 515 2206 alieno
548 2158 792 2206 liberaret.
863 2157 947 2218 ille
977 2173 1057 2203 eos
1080 2157 1135 2203 in
1158 2157 1355 2204 domum
1381 2156 1441 2204 D.
1467 2156 1620 2203 Bruti
1640 2179 1679 2209 25

209 2238 448 2302 perducit,
487 2237 617 2300 quod
651 2237 759 2283 foro
793 2237 1069 2299 propinqua
1109 2242 1215 2283 erat
1259 2252 1419 2298 neque
1459 2236 1620 2284 aliena

210 2318 385 2366 consili
418 2321 619 2379 propter
653 2316 1004 2378 Semproniam.
1075 2332 1190 2362 nam
1213 2320 1321 2362 tum
1346 2316 1534 2362 Brutus
1557 2316 1619 2362 ab
1686 2366 1690 2372 ,

169 2418 189 2449 6
212 2399 373 2446 Roma
411 2399 594 2444 aberat.
666 2402 918 2460 praeterea
956 2397 1223 2443 Gabinium
1257 2396 1475 2455 arcessit,
1522 2411 1619 2458 quo

292 2544 318 2582 2
386 2543 478 2593 ipse
489 2543 563 2594 for
580 2553 655 2592 per
673 2554 717 2581 se
735 2542 910 2581 Dietsch

294 2609 345 2648 11
400 2607 642 2649 ciuitatium
660 2609 738 2648 ΡΟ
756 2606 983 2647 ciuitatum
1005 2607 1039 2646 0

293 2676 347 2717 27
407 2675 463 2715 ab
498 2686 619 2714 roma
667 2674 701 2713 G
742 2674 990 2714 Priscianus
1034 2671 1358 2724 (‘inueniuntur
1392 2675 1538 2712 tamen
1575 2674 1619 2712 et

213 2753 312 2783 cum
339 2740 729 2793 praepositionibus
756 2739 939 2780 nomina
967 2739 1199 2780 ciuitatum
1227 2750 1352 2789 saepe
1379 2738 1548 2790 prolata
1578 2740 1622 2778 et
