1728 2944
107 136 149 172 ο.
176 115 263 187 37]
442 115 740 166 BELLVM
779 114 1187 167 CATILINAE.
1465 114 1524 164 31

27 219 54 308 ἒ
109 242 275 301 beant,
298 238 558 287 Antonius
591 255 705 287 eum
739 239 964 287 exercitu
1000 237 1270 288 Catilinam
1301 237 1532 302 persequi

38 328 52 383 ⁴.
109 324 344 379 maturet,
381 320 554 368 Cicero
586 320 701 368 urbi
734 321 984 384 praesidio
1018 321 1101 369 sit.

35 392 57 475 3-
210 402 287 449 Ea
317 405 617 465 tempestate
650 400 775 448 mihi
807 400 1072 463 imperium
1105 399 1279 464 populi
1314 399 1533 448 Romani
1552 421 1573 454 4

23 481 52 578 Ξ
109 482 271 530 multo
302 497 536 529 maxume
566 480 846 528 miserabile
874 482 1039 528 visum
1068 486 1157 529 est.
1229 481 1312 529 cui
1333 497 1448 528 cum
1471 480 1534 527 ad

23 580 41 618 Γ
70 578 337 613 soeeasum
370 562 436 609 ab
468 564 585 609 ortu
617 560 736 608 solis
769 560 938 608 omnia
977 560 1169 608 domita
1207 561 1359 609 armis
1395 577 1535 625 pare-

23 631 26 636 ·
110 647 240 703 rent,
263 641 399 690 domi
432 641 592 689 otium
626 646 778 704 atque
810 640 1033 702 divitiae,
1058 657 1187 705 quae
1216 642 1379 705 prima
1411 657 1538 689 mor-

112 723 239 772 tales
281 727 480 786 putant,
527 721 815 781 adfluerent,
864 720 1006 768 fuere
1050 725 1221 769 tamen
1272 722 1406 770 cives
1449 721 1540 786 qui

112 819 264 868 seque
284 818 487 866 remque
508 801 760 865 publicam
782 801 1049 864 opstinatis
1077 802 1259 850 animis
1284 802 1539 866 perditum

112 886 260 934 irent.
335 898 550 946 namque
595 881 793 929 duobus
817 881 980 929 senati
1026 881 1239 929 decretis
1285 899 1350 931 ex
1392 886 1541 931 tanta
1558 904 1579 936 5

115 962 440 1014 multitudine
461 960 622 1027 neque
646 963 866 1027 praemio
887 963 1126 1011 inductus
1148 964 1541 1012 coniurationem

115 1046 420 1112 patefecerat
464 1062 626 1110 neque
676 1062 742 1093 ex
788 1045 964 1094 castris
998 1045 1246 1094 Catilinae
1279 1046 1541 1110 quisquam

115 1129 338 1177 omnium
382 1127 698 1176 discesserat:
745 1132 891 1175 tanta
936 1127 1016 1176 vis
1065 1128 1226 1176 morbi
1271 1144 1332 1176 ae
1382 1128 1543 1176 veluti

114 1209 258 1258 tabes
289 1208 548 1272 plerosque
583 1208 770 1255 civium
810 1208 1000 1256 animos
1046 1208 1311 1257 invaserat.
1378 1225 1541 1272 neque
1562 1203 1728 1263 37-

117 1291 279 1339 solum
314 1290 416 1338 illis
448 1290 615 1338 aliena
662 1307 806 1339 mens
852 1296 976 1352 erat,
1026 1291 1115 1354 qui
1162 1291 1349 1339 conscii
1376 1291 1544 1339 coniu-

118 1370 326 1419 rationis
358 1370 574 1428 fuerant,
611 1371 698 1418 sed
732 1372 935 1419 omnino
969 1375 1153 1419 cuncta
1185 1371 1357 1435 plebes
1392 1388 1544 1420 nova-

117 1468 232 1500 rum
288 1467 459 1499 rerum
519 1451 688 1500 studio
738 1451 984 1500 Catilinae
1038 1453 1238 1516 incepta
1284 1453 1539 1517 probabat.

117 1532 172 1582 id
205 1532 329 1581 adeo
362 1548 498 1582 more
531 1549 622 1581 suo
654 1533 922 1581 videbatur
954 1534 1125 1583 facere.
1198 1551 1316 1582 nam
1350 1550 1543 1598 semper
1561 1557 1581 1579 a
1604 1556 1626 1588 ³

117 1615 172 1664 in
207 1615 415 1663 civitate
436 1616 619 1679 quibus
641 1632 759 1679 opes
780 1616 948 1664 nullae
978 1622 1098 1664 sunt
1124 1617 1270 1664 bonis
1298 1600 1542 1678 invident,

118 1696 275 1745 malos
308 1696 574 1757 extollunt,
599 1701 770 1745 vetera
803 1697 965 1757 odere,
989 1714 1119 1746 nova
1152 1702 1408 1761 exoptant,
1433 1697 1546 1747 odio

121 1793 323 1826 suarum
345 1793 511 1824 rerum
546 1778 733 1825 mutari
765 1780 934 1826 omnia
966 1778 1187 1839 student,
1210 1779 1362 1827 turba
1393 1784 1546 1844 atque

121 1858 449 1908 seditionibus
494 1859 603 1908 sine
650 1876 768 1908 cura
814 1861 1036 1922 aluntur,
1072 1861 1308 1925 quoniam
1355 1867 1547 1925 egestas

120 1940 267 1990 facile
298 1939 515 1988 habetur
546 1941 654 1989 sine
687 1941 883 1992 damno,
956 1942 1042 1991 sed
1074 1943 1267 1991 urbana
1299 1943 1468 2007 plebes
1489 1959 1548 1992 ea
1566 1969 1588 2000 4

121 2038 241 2071 vero
272 2037 505 2086 praeceps
539 2027 646 2070 erat
678 2022 741 2070 de
763 2023 937 2071 multis
960 2024 1134 2074 causis.
1205 2023 1422 2087 primum
1444 2041 1546 2073 om·
1570 2053 1590 2084 5

122 2105 278 2166 nium,
304 2104 392 2168 qui
413 2104 599 2168 ubique
620 2106 802 2169 probro
825 2111 977 2170 atque
1011 2106 1292 2170 petulantia
1316 2123 1549 2156 maxume

124 2184 459 2251 praestabant,
483 2185 606 2233 item
637 2185 726 2233 alii
754 2185 842 2251 qui
864 2202 954 2250 per
975 2186 1215 2235 dedecora
1235 2187 1551 2252 patrimoniis

205 2373 235 2416 ⁹
288 2371 429 2414 senati
471 2371 607 2414 PP¹c
656 2371 765 2428 (one)
816 2373 1039 2415 Charisius
1091 2372 1284 2429 (quoting
1327 2375 1408 2428 sor
1454 2377 1551 2419 that

117 2441 262 2550 long
314 2519 368 2551 so
395 2509 532 2552 voluti
556 2511 708 2564 Haupt
743 2513 876 2563 atque
902 2510 970 2553 uti
996 2512 1073 2553 PG
1101 2510 1376 2568 (Nipperdey)
1409 2510 1551 2555 morbi

125 2578 231 2625 nt,
249 2587 361 2627 quae
376 2575 446 2618 uti
462 2575 585 2618 tabes
603 2578 793 2619 Bum‘an
806 2582 824 2619 1
854 2577 1061 2633 (Dieuch)

207 2643 260 2685 15
314 2641 459 2696 plebes
476 2644 554 2685 PG
570 2643 691 2697 plebs
712 2646 748 2686 0

205 2710 261 2753 25
285 2708 391 2832 'qui
406 2710 485 2754 ΡΟ
512 2709 647 2768 (ίπΡι
665 2723 762 2753 over
780 2712 849 2753 the
869 2712 973 2765 line)
1000 2723 1078 2755 om.
1110 2724 1138 2753 a
1158 2713 1246 2766 sew
1272 2713 1328 2754 σι
1359 2714 1421 2765 (ιο
1446 2718 1550 2755 most
