1728 2944
145 128 185 161 e„
213 108 267 178 8]
482 109 666 158 BELJ,
676 109 784 160 VM
821 109 1231 160 CATILINAE.
1536 110 1566 159 7

141 233 196 280 in
218 233 407 282 decoris
428 234 580 282 armis
602 238 655 281 et
675 234 977 282 militaribus
998 234 1138 298 equis
1161 233 1379 298 quamin
1392 233 1567 281 scortis

140 320 291 378 atque
327 315 571 364 conviviis
608 316 882 364 lubidinem
928 317 1191 366 habebant.
1261 316 1420 380 igitur
1456 315 1566 363 tali-
1587 337 1607 368 5

139 395 235 443 bus
257 396 381 444 viris
402 412 505 444 non
527 396 668 444 labor
695 396 942 455 insolitus,
968 413 1070 444 non
1101 397 1238 445 locus
1263 396 1395 444 ullus
1422 413 1566 460 asper

138 482 229 523 aut
250 476 436 524 arduus
466 481 587 535 erat,
612 492 716 523 non
742 482 965 524 armatus
995 476 1152 524 hostis
1182 477 1563 528 formidulosus:

88 573 120 611 ,s
138 557 301 604 virtus
345 557 513 604 omnia
557 557 832 605 domuerat.
900 556 987 604 sed
1031 557 1216 620 gloriae
1271 573 1563 605 maxumum
1584 577 1606 608 ο
1631 499 1726 604 Δ

138 644 388 686 certamen
409 639 542 686 inter
563 638 694 701 ipsos
716 643 855 688 erat:
883 655 936 686 se
959 640 1166 702 quisque
1184 640 1379 689 hostem
1395 640 1559 700 ferire,
1653 693 1658 697 ,

36 710 57 770 Ϊ,
136 736 335 768 murum
365 721 641 781 ascendere,
665 721 897 783 conspici,
930 721 1050 768 dum
1085 721 1186 768 tale
1212 721 1407 782 facinus
1433 721 1560 770 face-

34 789 63 869 32
134 807 228 861 ret,
266 803 564 867 properabat
576 819 592 863 ;
640 819 723 851 eas
759 803 977 863 divitias,
1014 819 1124 850 eam
1160 804 1340 850 bonam
1374 803 1557 851 famam

51 876 62 957 ζ·
135 899 463 947 magnamque
508 883 824 931 nobilitatem
859 883 1121 946 putabant.
1192 883 1357 931 laudis
1405 883 1555 944 avidi,

31 968 119 1056 ῆξιο
134 966 372 1030 pecuniae
386 965 616 1013 liberales
635 971 779 1013 erant
792 983 808 1027 3
837 965 1048 1029 gloriam
1066 966 1333 1028 ingentem,
1354 964 1558 1013 divitias

32 1040 65 1075 -5
132 1047 366 1096 honestas
405 1048 656 1098 volebant.
727 1064 1001 1095 memorare
1036 1063 1231 1111 possem
1271 1047 1457 1111 quibus
1501 1047 1556 1094 in
1580 1074 1599 1105 ⁷

55 1128 69 1186 ,ἵ
131 1129 252 1178 locis
287 1146 547 1178 maxumas
582 1130 802 1178 hostium
843 1130 1008 1194 copias
1047 1130 1261 1193 populus
1297 1129 1556 1177 Romanus

131 1227 286 1276 parva
322 1227 475 1258 manu
511 1210 719 1270 fuderit,
762 1226 886 1273 quas
924 1210 1065 1258 urbis
1105 1216 1288 1258 natura
1333 1210 1556 1258 munitas

130 1292 398 1358 pugnando
428 1292 629 1357 ceperit,
653 1292 710 1340 ni
740 1308 799 1341 ea
825 1309 905 1341 res
933 1292 1129 1357 longius
1154 1308 1247 1340 nos
1271 1292 1334 1340 ab
1357 1292 1555 1356 incepto

52 1374 111 1461 ξπ
129 1375 360 1423 tmheret.
1571 1387 1574 1390 ’

35 1465 46 1479 “
229 1457 328 1504 Sed
350 1455 574 1520 profecto
596 1456 799 1504 fortuna
823 1455 879 1503 in
900 1456 1038 1504 omni
1066 1472 1121 1504 re
1144 1455 1432 1504 dominatur
1444 1471 1460 1517 3
1494 1471 1554 1504 ea
1576 1451 1613 1509 8

128 1554 207 1587 res
238 1543 444 1586 cunctas
474 1553 539 1585 ex
568 1537 793 1585 lubidine
822 1538 981 1601 magis
1011 1553 1162 1601 quam
1192 1553 1258 1585 ex
1282 1553 1401 1585 vero
1433 1537 1553 1585 cele-

54 1658 63 1672 .
127 1618 242 1667 brat
262 1620 598 1682 obscuratque.
672 1618 1060 1666 Atheniensium
1091 1634 1170 1665 res
1196 1622 1378 1681 gestae,
1403 1617 1553 1666 sicuti
1574 1645 1593 1667 2

126 1716 218 1765 ego
261 1706 501 1759 aestumo,
548 1700 671 1748 satis
715 1700 910 1764 amplae
959 1699 1344 1764 magnificaeque
1394 1699 1549 1762 fuere,

119 1799 300 1837 ‚verum
346 1784 604 1847 aliquanto
648 1783 863 1831 minores
908 1787 1079 1830 tamen
1120 1798 1270 1846 quam
1309 1782 1445 1830 fama
1482 1782 1551 1831 fe-

124 1873 319 1916 runtur.
391 1866 478 1914 sed
509 1866 628 1930 quia
658 1881 928 1930 provenere
951 1865 1023 1912 ibi
1050 1866 1346 1928 scriptorum
1370 1881 1550 1931 magna
1572 1893 1592 1924 3

104 1952 335 2016 ingenia,
371 1967 461 2015 per
497 1957 742 1999 terrarum
781 1950 950 1998 orbem
988 1949 1376 1997 Atheniensium
1413 1949 1550 1998 facta

123 2027 214 2099 pro
252 2032 499 2080 maxumis
538 2032 864 2080 celebrantur.
935 2030 1011 2079 ita
1049 2046 1219 2079 eorum
1262 2030 1351 2094 qui
1389 2030 1549 2079 fecere
1571 2056 1590 2085 ⁴

29 2239 38 2282 ;
60 2270 62 2273 ¹
203 2219 231 2261 8
283 2218 406 2261 labor
433 2220 528 2260 here
554 2220 643 2260 and
666 2219 711 2261 J.
743 2219 838 2260 100.
857 2218 885 2259 4
907 2218 998 2259 PG.
1045 2216 1248 2270 (Servius,
1269 2229 1323 2259 on
1346 2218 1466 2268 Ver-9.
1490 2217 1542 2260 A.

59 2287 62 2298 '
121 2287 250 2336 125³,
268 2300 390 2341 mys.-
417 2286 651 2328 Sallustius
674 2298 811 2339 paene
835 2284 995 2337 ubique
1015 2283 1173 2326 ‘labos'
1190 2283 1350 2336 posuit,
1404 2283 1548 2325 Labos

24 2350 61 2398 “.
119 2356 588 2398 ίπΟνΟοαΙσνΜασ
608 2355 661 2397 18
683 2355 736 2407 V)

201 2421 230 2465 ⁶
282 2435 330 2465 ne
350 2424 429 2465 Po
454 2422 517 2465 sic
535 2435 582 2466 se
601 2425 636 2465 0
653 2422 826 2478 (Kritz).
888 2424 1075 2465 Grundel
1084 2434 1279 2476 proposes
1300 2428 1342 2463 to
1363 2423 1546 2464 re-write

122 2490 191 2532 11oe
233 2497 420 2532 sentence
467 2491 561 2532 nmo
597 2502 648 2532 ac
685 2489 724 2531 si
760 2491 942 2543 quisque
977 2490 1150 2531 hostem
1187 2488 1331 2538 ferire,
1368 2500 1545 2530 murum

120 2556 348 2600 ascendere
374 2557 643 2611 properabat,
679 2557 887 2611 conspici,
916 2556 1021 2599 dum
1057 2556 1144 2599 tale
1170 2556 1342 2599 facinus
1369 2555 1542 2604 faceret,

121 2634 195 2668 eu
211 2624 387 2667 divitias
404 2636 444 2667 e.
462 2637 506 2677 q.
526 2636 564 2666 ι.

199 2692 253 2734 11
305 2703 486 2745 possum
502 2691 558 2732 1³¹
577 2692 750 2734 Servius

14 2757 67 2944 ὲ
197 2760 251 2803 28
304 2760 380 2815 qni
423 2772 475 2803 ea
516 2760 653 2803 iecere
688 2761 728 2802 Ρ
759 2760 843 2814 (the
875 2772 928 2804 ea
964 2761 1122 2814 hanina
1158 2762 1258 2805 been
1293 2761 1542 2816 asurwardae
