1728 2944
177 95 241 144 ιο
516 94 573 145 0.
624 94 960 144 SALLVSTJ
1002 94 1249 145 ORISPI
1394 73 1396 75 ’
1439 95 1588 164 [0.12
1663 0 1703 168 ξ

136 244 154 273 4
174 216 342 279 inopia
365 216 619 264 minuitur.
693 215 777 262 sed
809 219 1071 278 postquam
1099 215 1155 263 L.
1183 216 1323 263 Sulla
1350 217 1499 265 armis
1521 234 1593 265 re-

174 303 317 360 cepta
339 314 393 345 re
415 298 614 361 publica
637 297 779 344 bonis
802 297 960 344 initiis
983 297 1138 344 malos
1162 303 1369 345 eventus
1399 299 1588 359 habuit,
1687 358 1690 364 Ι

173 395 346 442 rapere
391 395 573 438 omnes,
615 378 827 438 trahere,
870 379 1070 426 domum
1111 379 1239 426 alius
1278 379 1406 427 alius
1451 397 1593 443 agros
1672 402 1694 413 2

175 476 367 523 cupere,
405 476 565 523 neque
609 460 812 507 modum
850 477 1011 524 neque
1049 461 1341 508 modestiam
1380 461 1594 509 victores

174 540 367 600 habere,
402 541 547 588 foeda
579 542 893 605 crudeliaque
924 543 979 590 in
1010 542 1132 590 civis
1166 542 1387 589 facinora
1416 543 1588 590 facere.
1617 565 1636 596 5
1682 566 1717 611 ῃ

135 643 154 672 5
175 621 271 668 huc
306 622 575 669 adcedebat
608 622 740 685 quod
775 622 831 671 L.
866 623 1005 669 Sulla
1039 622 1327 682 exercitum,
1362 639 1507 685 quem
1541 623 1595 669 in
1684 622 1719 727 ἑ

177 702 304 749 Asia
349 702 653 760 ductaverat,
696 718 793 765 quo
839 702 935 749 sibi
979 702 1134 749 fidum
1179 701 1378 760 faceret,
1425 707 1596 749 contra
1686 693 1720 771 ζ’,

176 799 362 829 morem
418 783 659 830 maiorum
715 784 969 831 luxuriose
1024 783 1269 846 nimisque
1325 784 1597 831 liberaliter
1678 792 1721 834 «ἐκ.

89 911 95 918 ,
176 864 431 912 habuerat.
502 865 610 912 loca
646 881 865 925 amoena,
902 866 1183 928 voluptaria
1222 866 1365 913 facile
1404 866 1457 912 in
1494 866 1596 913 otio

136 966 157 997 6
176 946 355 994 ferocis
393 947 611 993 militum
647 947 837 994 animos
871 948 1200 994 molliverant.
1271 947 1343 994 ibi
1381 947 1595 1010 primum
1622 974 1662 996 10
1719 902 1723 984 l

175 1027 397 1074 insuevit
441 1027 689 1074 exercitus
733 1027 903 1090 populi
950 1027 1166 1074 Romani
1206 1043 1370 1074 amare
1408 1032 1593 1090 potare,

177 1107 319 1170 signa
341 1107 537 1154 tabulas
559 1107 717 1170 pictas
742 1124 860 1154 vasa
878 1108 1066 1154 caelata
1083 1106 1267 1166 mirari,
1286 1123 1343 1153 ea
1360 1108 1596 1170 privatim

177 1194 229 1235 et
259 1188 453 1251 publice
483 1205 669 1251 rapere,
705 1188 911 1236 delubra
941 1189 1167 1252 spoliare,
1199 1204 1338 1235 sacra
1367 1188 1595 1252 profana-

138 1300 158 1330 7
178 1286 288 1332 que⁴
313 1270 479 1317 omnia
517 1271 750 1333 polluere.
821 1272 977 1334 igitur
1015 1271 1061 1318 ei
1099 1271 1297 1328 milites,
1338 1275 1596 1333 postquam

176 1352 436 1399 victoriam
476 1354 645 1416 adepti
685 1359 816 1412 sunt,
852 1353 981 1400 nihil
1019 1353 1200 1416 reliqui
1235 1353 1382 1399 victis
1421 1352 1591 1399 fecere.
1602 1327 1728 1579 '54

177 1435 360 1497 quippe
383 1435 626 1483 secundae
648 1451 727 1483 res
750 1435 1050 1499 sapientium
1074 1435 1263 1482 animos
1285 1435 1511 1497 fatigant,
1532 1449 1618 1481 ne

177 1515 254 1575 iui
277 1515 531 1578 conruptis
553 1516 772 1563 moribus
794 1515 1033 1563 victoriae
1055 1519 1404 1590 temperarent.

85 1591 158 1649 12
279 1594 550 1657 Postquam
586 1595 792 1643 divitiae
827 1595 1004 1643 honori
1042 1611 1147 1642 esse
1186 1610 1385 1658 coepere
1424 1597 1478 1641 et
1515 1609 1597 1642 eas

177 1677 335 1740 gloria
390 1678 654 1740 imperium
702 1678 930 1741 potentia
979 1677 1288 1740 sequebatur,
1340 1675 1597 1723 hebescere
1715 1674 1728 1772 ¹¹

175 1758 354 1817 virtus,
379 1763 644 1821 paupertas
666 1759 846 1821 probro
868 1758 1053 1818 haberi,
1077 1756 1362 1804 innocentia
1389 1772 1477 1819 pro
1499 1772 1596 1803 ma-
1619 1786 1662 1808 20
1713 1773 1728 1834 ,ξ

138 1863 157 1884 2
177 1838 435 1885 livolentia
458 1838 574 1885 duci
596 1839 770 1901 coepit.
819 1839 974 1901 igitur
990 1854 1055 1885 ex
1070 1837 1261 1885 divitiis
1283 1837 1596 1884 iuventutem

177 1907 379 1965 luXuria
429 1923 578 1983 atque
629 1919 843 1966 avaritia
893 1935 1006 1965 cum
1059 1918 1288 1980 superbia
1342 1917 1567 1964 invasere
1581 1934 1596 1977 3
1694 1915 1728 1970 ,ἴ

177 2016 363 2063 rapere,
384 2016 683 2060 consumere,
704 2017 794 2048 sua
816 2000 959 2063 parvi
980 1999 1206 2063 pendere,
1227 1999 1386 2046 aliena
1403 2015 1595 2061 cupere,
1702 2032 1723 2067 A

177 2081 415 2144 pudorem
459 2080 768 2143 pudicitiam,
815 2080 988 2128 divina
1032 2084 1182 2143 atque
1226 2079 1444 2127 humana
1489 2096 1598 2143 pro-

260 2205 286 2246 ‘7
341 2202 435 2243 asia
454 2203 531 2243 PG
550 2202 691 2242 asiam
712 2202 749 2242 0

261 2272 314 2310 12
367 2271 533 2310 statuas
551 2271 590 2309 is
607 2271 775 2310 written
791 2281 888 2309 over
906 2270 973 2309 the
995 2270 1078 2309 line
1098 2269 1151 2320 by
1164 2279 1211 2319 p,
1228 2269 1314 2308 and
1332 2280 1406 2323 one
1423 2268 1507 2309 MS
1520 2269 1596 2309 has

179 2339 301 2390 signa
320 2338 487 2379 statuas
506 2337 675 2377 tabulas
695 2339 917 2387 accordin9
937 2343 978 2377 to
1000 2338 1111 2378 Wirz

262 2407 314 2446 14
366 2418 577 2458 posquam
608 2407 648 2447 P
676 2419 763 2447 acc.
795 2413 836 2447 to
877 2406 998 2454 Wirz‚
1022 2406 1206 2457 perhaps
1243 2406 1311 2445 the
1342 2406 1520 2456 spellinq
1553 2407 1603 2457 of

179 2475 376 2515 Sallust‘s
395 2474 492 2512 time

261 2541 313 2580 16
367 2551 423 2580 ne
436 2540 513 2580 PG
526 2538 687 2580 nedum
703 2539 740 2582 0
757 2537 800 2593 (a
809 2538 926 2593 few).
974 2539 1172 2580 Priscian
1186 2543 1324 2590 quotes
1339 2539 1407 2579 the
1418 2549 1596 2589 pas-§aye

180 2608 312 2654 twice,
332 2619 431 2646 once
449 2607 553 2646 with
569 2618 640 2654 ne,
660 2618 756 2646 once
774 2607 878 2646 with
895 2604 1055 2646 nedum

261 2675 312 2715 17
365 2675 542 2715 Dietsch
574 2675 679 2715 read
713 2673 994 2726 temperarint
1020 2676 1069 2715 in
1101 2674 1225 2716 1859.
1277 2674 1346 2714 He
1373 2685 1463 2714 now
1486 2677 1596 2724 steps

179 2741 383 2794 fatigant:
411 2755 466 2784 ne
484 2755 527 2784 so
547 2744 737 2785 Schmalz
