1728 2944
184 97 246 146 16
492 99 550 150 0.
598 100 942 151 SALLVSTI
985 101 1231 152 CRISPI
1305 99 1391 169 [cc.
1424 103 1500 164 19,
1527 103 1591 152 20

0 280 2 283 v
86 218 155 276 19
180 223 392 274 diremit.
469 230 641 288 postea
686 225 804 273 Piso
858 225 915 272 in
971 226 1248 274 citeriorem
1293 226 1591 290 Hispaniam

179 312 410 370 quaestor
431 323 522 369 pro
545 311 769 369 praetore
797 307 976 355 missus
1006 313 1083 355 est
1113 308 1369 355 adnitente
1401 308 1590 370 Crasso,

179 387 312 450 quod
335 404 449 435 eum
471 388 709 435 infestum
736 389 993 436 inimicum
1025 389 1113 439 On.
1149 389 1384 452 Pompeio
1418 406 1591 452 eogno-

108 462 157 517 ‘2
180 474 334 516 verat.
404 485 564 531 neque
599 474 769 517 tamen
807 475 1008 518 senatus
1053 471 1357 534 provinciam
1403 471 1593 518 invitus

180 549 395 610 dederat,
421 550 604 612 quippe
633 549 835 597 foedum
868 551 1116 598 hominem
1141 567 1171 597 a
1193 567 1246 598 re
1269 551 1465 613 publica
1487 566 1594 613 pro·
1615 566 1653 599 5Δ

181 631 261 677 cul
292 647 395 678 esse
431 631 630 678 volebat
643 649 658 692 3
693 631 841 679 simul
872 619 990 695 quia
1022 633 1142 680 boni
1172 632 1430 695 conplures
1459 648 1596 695 prae-

180 710 362 757 sidium
386 711 440 758 in
462 727 519 759 eo
542 712 789 775 putabant
811 716 863 760 et
885 713 984 759 iam
1008 717 1118 759 tum
1141 712 1367 775 potentia
1389 713 1595 775 Pompei

139 814 159 844 3
181 791 503 839 formidulosa
548 796 668 840 erat.
755 792 840 840 sed
886 792 931 840 is
976 793 1093 840 Piso
1138 793 1194 839 in
1231 793 1486 855 provincia
1531 793 1594 839 ab

180 872 430 935 equitibus
462 872 717 935 Hispanis,
745 888 868 936 quos
890 872 945 919 in
968 872 1191 920 exercitu
1222 873 1473 932 ductabat,
1498 873 1596 920 iter

138 970 158 997 4
179 952 366 1000 faciens
400 953 587 1024 oeoisus
627 956 716 1000 est.
787 957 908 1000 sunt
943 953 1031 1015 qui
1064 953 1160 1002 ita
1171 953 1353 1017 dicant,
1388 953 1595 1016 imperia
1616 978 1657 999 10

180 1034 287 1081 eius
325 1016 514 1082 iniusta
553 1035 764 1098 superba
795 1035 1014 1083 crudelia
1045 1006 1281 1083 bar‘baros
1314 1036 1595 1098 nequivisse

138 1135 157 1165 5
179 1115 318 1177 pati3
353 1115 440 1162 alii
479 1119 646 1162 autem
681 1115 872 1178 equites
902 1116 1014 1163 illos
1051 1115 1139 1164 Gn.
1175 1116 1380 1179 Pompei
1403 1121 1595 1163 veteres

178 1196 399 1260 fidosque
423 1197 619 1244 clientis
642 1197 899 1244 voluntate
931 1197 1036 1245 eius
1058 1197 1288 1245 Pisonem
1312 1197 1595 1260 adgressos3

179 1287 452 1341 numquam
490 1279 745 1342 Hispanos
778 1284 1034 1342 praeterea
1062 1280 1164 1327 tale
1187 1280 1382 1327 facinus
1405 1279 1593 1338 fecisse,

178 1360 265 1407 sed
298 1360 507 1423 imperia
537 1377 684 1408 saeva
714 1362 875 1408 multa
897 1366 1014 1409 ante
1036 1377 1303 1424 perpessos.
1373 1377 1464 1408 nos
1487 1378 1593 1408 eam
1617 1384 1658 1416 15

138 1460 159 1491 6
179 1456 285 1487 rem
314 1440 370 1487 in
401 1441 563 1488 medio
594 1441 947 1505 relinquemus.
1017 1442 1078 1489 de
1101 1442 1352 1505 superiore
1375 1441 1596 1489 coniura—

178 1522 316 1569 tione
340 1522 461 1568 satis
484 1521 684 1569 dietum.

81 1609 167 1667 20·
286 1603 506 1651 Catilina
551 1604 640 1650 ubi
679 1619 776 1663 eos,
816 1620 938 1667 quos
971 1605 1121 1668 paulo
1157 1607 1275 1652 ante
1309 1604 1594 1662 memoravi,

181 1684 467 1732 convenisse
490 1684 643 1743 videt,
668 1685 871 1732 tametsi
894 1701 1005 1732 cum
1030 1685 1236 1748 singulis
1258 1686 1418 1732 multa
1451 1701 1596 1748 saepe

179 1770 363 1828 egerat,
387 1770 557 1813 tamen
579 1766 634 1812 in
657 1783 762 1813 rem
792 1765 899 1813 fore
927 1765 1131 1813 eredens
1161 1765 1418 1814 univorsos
1436 1767 1596 1830 appel·
1618 1789 1660 1811 20

178 1847 282 1895 lare
305 1852 357 1894 et
379 1847 639 1906 cohortari,
659 1848 713 1894 ‘m
730 1848 950 1895 abditam
967 1851 1160 1910 partem
1178 1848 1375 1896 aedium
1398 1851 1598 1897 secessit

180 1934 330 1992 atque
352 1929 425 1976 ibi
447 1929 676 1976 omnibus
699 1929 902 1977 arbitris
924 1928 1098 1992 procul
1120 1929 1300 1976 amotis
1323 1930 1595 1977 orationem

178 2010 518 2059 huiuscemodi
539 2011 726 2065 habuit,

138 2122 160 2145 2
283 2092 378 2139 ‘Ni
399 2091 561 2138 virtus
583 2091 801 2154 fidesque
823 2095 992 2138 vostra
1014 2093 1237 2154 spectata
1258 2089 1382 2137 mihi
1415 2089 1592 2149 forent,

207 2289 211 2292 ·
263 2276 290 2314 8
343 2272 566 2325 prouincia
585 2264 627 2313 >C
649 2272 918 2325 prouinciam
942 2274 1020 2315 Po

263 2343 290 2382 9
345 2352 452 2390 quos
472 2340 521 2380 in
543 2340 620 2380 PG
646 2350 754 2390 quos
784 2339 876 2380 sine
894 2353 916 2379 z
933 2340 1141 2392 (Dietsch)

265 2409 317 2448 10
372 2408 517 2448 dicant
535 2410 612 2449 PG
630 2408 779 2448 dicunt
802 2409 836 2449 Ο
856 2410 1008 2461 (Kritz)

263 2477 315 2517 15
370 2478 499 2518 antea
522 2482 627 2517 most
649 2478 819 2518 editors.
874 2479 1002 2518 antea
1020 2475 1116 2517 PP¹
1134 2478 1238 2528 (acc.
1259 2483 1301 2517 to
1318 2478 1494 2518 Dietsch
1510 2478 1596 2518 and

183 2542 311 2596 Wirz)
374 2563 378 2567 ·

261 2611 313 2650 21
370 2611 543 2651 secessit
565 2611 600 2652 O
619 2609 759 2663 (Wirz)
781 2609 939 2651 secedit
957 2610 1033 2651 PG
1052 2611 1241 2661 (Dietsch
1259 2611 1468 2660 Schmalz)
1519 2626 1526 2631 ·

262 2676 316 2715 24
370 2679 560 2727 spectata
596 2678 675 2718 GV
706 2678 930 2727 expectata
967 2678 1006 2716 P
1041 2676 1223 2728 probata
1256 2689 1290 2727 p
1315 2675 1488 2731 {forent
1519 2677 1596 2717 Po

182 2742 292 2784 foret
304 2744 399 2795 sz
417 2745 583 2786 Servius
603 2745 796 2795 (Meusel)
