1728 2944
207 150 271 198 48
533 148 586 199 0.
636 148 977 200 SALLVSTI
1019 148 1263 199 CRISPI
1463 144 1524 215 [c.
1554 149 1616 196 52

208 272 442 321 Graeciae
455 289 640 320 morem
657 272 842 320 imitati
854 273 1142 320 verberibus
1159 272 1623 319 animadvortebant

207 356 263 402 in
280 355 416 414 civis,
436 355 496 402 de
515 355 852 402 condemnatis
875 371 1121 402 summum
1145 354 1439 416 supplicium
1463 369 1622 400 sume-

110 429 119 432 *
147 458 191 488 40
207 437 343 484 bant.
414 441 675 499 postquam
712 453 789 483 res
828 437 1027 499 publica
1060 435 1278 483 adolevit
1311 438 1363 481 et
1401 434 1625 480 multitu-

211 517 326 564 dine
361 517 543 563 civium
580 515 820 563 factiones
855 516 1068 574 valuere,
1105 513 1450 561 circumveniri
1488 513 1627 560 inno-

212 601 393 655 centes,
441 596 539 642 alia
583 595 921 642 huiuscemodi
970 595 1079 641 fieri
1125 610 1340 656 coepere,
1386 598 1496 640 tum
1542 593 1626 639 lex
1647 607 1666 639 5

213 678 390 725 Porcia
421 677 641 740 aliaeque
671 677 802 739 leges
833 679 1035 739 paratae
1067 679 1199 734 sunt,
1229 674 1407 737 quibus
1436 674 1627 736 legibus

152 780 190 810 41
213 759 418 806 exilium
442 756 688 804 damnatis
710 756 1002 819 permissum
1025 759 1114 804 est.
1163 754 1291 800 hanc
1309 769 1397 816 ego
1415 770 1627 812 causam,

213 844 380 903 patres
398 838 675 901 conscripti,
696 854 793 900 quo
815 838 980 884 minus
1000 853 1179 883 novom
1198 836 1455 883 consilium
1474 835 1632 897 capiar

154 941 195 971 42
215 937 326 968 mus
348 921 403 967 in
425 921 597 983 primis
620 936 848 982 magnam
871 924 1006 982 puto.
1059 918 1281 982 profecto
1297 917 1459 964 virtus
1482 921 1631 978 atque

216 1001 460 1064 sapientia
482 1001 639 1047 maior
667 1000 767 1047 illis
790 999 904 1058 fuit,
929 999 1016 1062 qui
1039 1015 1102 1045 ex
1131 997 1298 1061 parvis
1321 998 1495 1060 opibus
1525 1001 1631 1043 tan·
1650 1017 1692 1040 ιο

217 1086 327 1129 tum
361 1080 623 1143 imperium
654 1079 814 1127 fecere
845 1095 992 1142 quam
1026 1078 1081 1124 in
1114 1078 1270 1137 nobis,
1304 1078 1390 1140 qui
1420 1093 1479 1124 ea
1507 1077 1633 1124 bene

155 1185 197 1215 43
219 1168 364 1227 parta
396 1163 485 1209 vix
518 1162 802 1209 retinemus.
872 1161 1036 1224 placet
1068 1160 1222 1223 igitur
1252 1175 1333 1206 eos
1364 1158 1553 1206 dimitti
1583 1161 1637 1205 et

220 1244 390 1307 augeri
407 1230 679 1290 exercitum
695 1243 964 1291 Catilinae?
986 1242 1217 1289 minume.
1262 1241 1434 1289 sedita
1448 1255 1634 1298 censeo,

220 1324 544 1388 publicandas
578 1340 748 1371 eorum
781 1323 1030 1387 pecunias,
1062 1322 1193 1385 ipsos
1225 1322 1281 1368 in
1310 1321 1522 1368 vinculis
1555 1320 1638 1366 ha·
1726 1366 1728 1381 1

220 1406 408 1454 bendos
430 1422 519 1468 per
541 1406 823 1468 municipia,
850 1421 976 1468 quae
998 1419 1230 1451 maxume
1254 1403 1429 1466 opibus
1450 1402 1636 1460 valent,
1659 1422 1698 1455 15
1726 1391 1728 1458 Ι

223 1503 322 1535 neu
344 1486 455 1550 quis
478 1486 539 1534 de
556 1486 627 1533 eis
649 1490 819 1549 postea
841 1486 904 1532 ad
928 1489 1153 1532 senatum
1177 1483 1364 1530 referat
1383 1498 1508 1530 neve
1527 1497 1640 1529 cum
1699 1498 1702 1500 ·
1726 1466 1728 1559 l

223 1568 406 1631 populo
429 1571 574 1629 agat:
603 1566 689 1629 qui
711 1566 857 1613 aliter
879 1564 1068 1624 fecerit,
1093 1568 1321 1611 senatum
1342 1562 1644 1610 existumare
1725 1564 1728 1629 ξ

225 1666 339 1697 eum
385 1653 558 1696 contra
606 1664 713 1695 rem
762 1647 1011 1711 publicam
1059 1649 1112 1693 et
1162 1645 1371 1692 salutem
1422 1643 1646 1691 omnium
1725 1630 1728 1652 ‘

114 1792 119 1795 Α
226 1731 510 1778 facturum'.
1724 1717 1727 1739 ⁵

129 1808 205 1866 52
330 1813 603 1875 Postquam
649 1812 831 1860 Caesar
875 1810 1081 1858 dicundi
1126 1810 1277 1857 finem
1316 1807 1453 1866 fecit,
1493 1805 1645 1854 ceteri
1664 1790 1728 1871 20'J

229 1893 382 1940 verbo
405 1893 533 1939 alius
557 1892 645 1939 alii
666 1892 804 1939 varie
838 1891 1260 1938 adsentiebantur.
1332 1892 1387 1936 at
1421 1887 1491 1934 M.
1528 1887 1648 1934 Por·
1724 1911 1725 1915 =

231 1974 337 2021 cius
372 1971 497 2020 Cato
530 1976 734 2035 rogatus
768 1971 1067 2018 sententiam
1102 1967 1442 2016 huiuscemodi
1469 1967 1649 2015 oratio-

231 2071 347 2102 nem
370 2053 561 2102 habuit.

194 2158 215 2179 2
337 2133 528 2196 ‘Longe
567 2133 691 2180 mihi
731 2133 830 2180 alia
868 2148 1008 2179 mens
1043 2136 1132 2192 est,
1168 2134 1334 2194 patres
1369 2128 1648 2191 conscripti,

236 2232 346 2264 cum
369 2232 447 2262 res
464 2219 614 2278 atque
636 2215 857 2282 pericula
878 2219 1050 2261 nostra
1073 2213 1327 2260 considero
1350 2216 1402 2259 et
1418 2228 1528 2258 cum
1546 2227 1650 2258 sen·
1669 2191 1728 2303 ²35]

235 2297 421 2344 tentias
442 2311 544 2342 non
564 2295 814 2342 nullorum
836 2294 940 2357 ipse
963 2310 1155 2341 mecum
1178 2297 1367 2356 reputo.
1436 2292 1513 2339 illi
1529 2291 1654 2339 mihi
1719 2326 1721 2356 ᾗ

1719 2362 1721 2377 ,

1717 2389 1720 2461 ἐ

321 2460 345 2499 1
401 2457 605 2499 Graeciae
623 2469 788 2497 morem
806 2455 969 2496 imitati
992 2456 1219 2496 Daderlein
1244 2455 1380 2494 would
1403 2455 1522 2505 place
1548 2452 1660 2504 after

240 2540 412 2580 coepere
429 2530 525 2568 tum
543 2529 564 2577 ξ
583 2527 636 2568 40
665 2527 840 2567 Dietsch
859 2526 1045 2565 brackets
1066 2526 1133 2564 the
1152 2525 1284 2564 words

320 2596 349 2636 4
403 2592 706 2635 circumueniri
727 2594 768 2633 V
781 2591 1092 2632 circumuenire
1109 2590 1186 2630 ΡΟ

323 2663 376 2702 10
424 2661 513 2701 illis
530 2661 649 2701 PGV
662 2659 710 2699 in
729 2658 817 2699 illis
833 2658 889 2699 P1
910 2657 1037 2713 (Wirz
1053 2657 1242 2707 Dietsch)

324 2729 376 2769 16
429 2740 516 2768 neu
534 2727 629 2778 quis
647 2727 723 2767 PG
739 2738 794 2767 ne
813 2725 908 2776 quis
919 2725 1036 2776 pGV

323 2795 379 2835 24
431 2794 542 2835 mihi
559 2794 645 2835 alia
663 2794 741 2834 Po
758 2792 845 2836 alia
863 2790 973 2832 mihi
994 2792 1035 2832 V
