1728 2944
454 0 504 11 v
565 0 572 4 v

107 187 147 220 c.
176 168 228 238 6]
432 164 748 218 *BELLVM
787 165 1191 219 CATILINAE.
1488 170 1527 217 '5

105 292 224 340 dum
247 290 345 338 sibi
366 306 574 353 regnum
596 294 811 354 pararet,
837 290 1100 354 quicquam
1123 289 1266 353 pensi
1294 288 1525 342 habebat.

104 373 391 437 agitabatur
424 372 582 434 magis
615 372 868 435 magisque
902 372 958 419 in
990 372 1097 420 dies
1141 372 1338 420 animus
1384 371 1530 421 ferox
1550 398 1569 429 7

103 454 274 518 inopia
301 452 378 500 rei
403 452 666 500 familiaris
699 456 754 500 et
786 452 1087 500 conscientia
1119 452 1373 514 scelerum,
1400 469 1528 517 quae

103 542 317 600 utraque
339 535 411 583 eis
432 535 626 582 artibus
655 539 881 593 auxerat,
906 550 1029 598 quas
1060 550 1212 597 supra
1238 535 1523 585 memoravi.

58 636 82 669 s
104 618 386 666 incitabant
407 621 663 680 praeterea
690 616 923 680 conrupti
949 616 1171 664 civitatis
1204 633 1379 679 mores,
1404 633 1528 681 quos
1548 630 1568 662 8

102 716 333 774 pessuma
371 715 430 746 ac
466 698 665 746 divorsa
702 698 837 746 inter
870 714 923 746 se
956 699 1103 784 mala,
1139 699 1343 748 luxuria
1376 705 1528 764 atque

34 835 38 838 ⁴
103 781 332 840 avaritia,
355 780 620 832 vexabant.
692 796 772 828 res
805 780 914 844 ipsa
940 754 1132 829 hortari
1159 781 1375 841 videtur,
1411 798 1526 845 quo-
1547 799 1570 831 9

102 865 239 913 niam
263 863 325 911 de
347 862 568 910 moribus
598 861 819 910 civitatis
846 867 1043 926 tempus
1073 863 1349 923 admonuit,
1375 879 1526 927 supra

29 979 42 996 ·.
104 951 324 1010 repetere
347 961 405 992 ac
426 945 597 1008 paucis
618 944 854 992 instituta
873 944 1119 992 maiorum
1142 944 1277 992 domi
1299 945 1526 993 militiae-

28 1009 36 1021 ’
104 1044 215 1093 que,
239 1044 338 1092 quo
370 1026 518 1075 modo
551 1042 656 1074 rem
691 1026 939 1090 publicam
969 1025 1237 1075 habuerint
1264 1030 1525 1090 quantam-

16 1103 42 1166 ἐξ
103 1125 200 1173 que
229 1107 538 1172 reliquerint,
563 1111 625 1154 ut
653 1106 896 1170 paulatim
926 1106 1177 1155 inmutata
1207 1123 1272 1154 ex
1300 1107 1524 1171 pulcher-

17 1175 43 1202 *
103 1190 231 1238 rima
251 1194 403 1253 atque
425 1192 632 1252 optuma
653 1203 883 1251 pessuma
903 1202 962 1235 ac
975 1186 1378 1251 flagitiosissuma
1391 1187 1525 1237 facta

20 1278 44 1307 ·’
102 1272 185 1331 sit,
210 1270 394 1319 dissere

20 1359 22 1362 '
203 1353 397 1402 Urbem
502 1369 650 1411 mam,
674 1352 824 1400 sicuti
845 1368 936 1416 ego
959 1352 1140 1417 accepi,
1166 1352 1430 1401 condidere
1452 1355 1525 1401 at-
1547 1348 1583 1406 6

19 1449 35 1495 ;
103 1450 199 1498 que
221 1433 437 1481 habuere
459 1433 606 1480 initio
629 1433 846 1493 Troiani,
870 1433 958 1497 qui
979 1433 1156 1482 Aenea
1178 1434 1302 1482 duce
1323 1433 1525 1498 profugi

23 1502 53 1579 ξι
100 1515 302 1564 sedibus
323 1515 528 1563 incertis
544 1516 871 1579 vagabantur,
891 1531 1101 1579 cumque
1118 1515 1190 1564 eis
1206 1515 1521 1579 Aborigines,

23 1610 32 1664 ζ
101 1612 259 1663 genus
286 1598 544 1647 hominum
575 1603 784 1661 agreste,
809 1597 916 1646 sine
938 1597 1143 1661 legibus,
1169 1597 1276 1645 sine
1298 1597 1522 1661 imperio,

10 1666 31 1723 f
58 1679 61 1690 ²
100 1679 311 1729 liberum
334 1685 484 1744 atque
506 1679 739 1729 solutum.
792 1679 1121 1744 hipostquam
1138 1679 1193 1727 in
1210 1696 1312 1727 una
1328 1676 1528 1728 moenia?
1546 1703 1566 1725 2

102 1778 390 1822 convenere,
415 1762 601 1826 dispari
630 1778 809 1826 genere
837 1762 1067 1810 dissimili
1096 1762 1282 1826 lingua,
1307 1762 1395 1811 alii
1424 1762 1523 1811 alio

99 1858 238 1893 more
281 1844 523 1903 viventes,
565 1843 856 1891 incredibile
905 1847 1182 1891 memoratu
1239 1846 1317 1891 est
1372 1858 1522 1906 quam

100 1924 246 1976 facile
260 1926 535 1974 coaluerint
553 1943 565 1975 z
595 1925 670 1973 ita
691 1925 833 1973 brevi
846 1924 1120 1974 multitudo
1134 1924 1355 1988 dispersa
1372 1929 1523 1988 atque

101 2020 228 2071 vaga
263 2005 523 2054 concordia
558 2005 737 2054 civitas
773 2004 909 2053 facta
943 2009 1064 2055 erat.
1137 2005 1224 2054 sed
1258 2010 1521 2069 postquam
1545 2031 1569 2063 ³

99 2100 183 2136 ren
203 2102 374 2135 eorum
398 2085 846 2165 civibus'moribusl
857 2085 990 2149 agris
1012 2091 1175 2146 aucta,
1192 2086 1313 2134 satis
1327 2103 1522 2150 prospe-

100 2183 161 2218 ra
187 2170 407 2233 satisque
433 2168 626 2232 pollens
656 2167 935 2227 videbatur,
959 2167 1110 2216 sicuti
1140 2167 1374 2231 pleraque
1397 2184 1522 2216 mor-

101 2248 280 2298 talium
323 2248 587 2310 habentur,
628 2247 823 2297 invidia
866 2263 932 2296 ex
975 2247 1231 2312 opulentia
1272 2253 1384 2297 orta
1429 2253 1517 2297 est.

59 2375 61 2378 ¹
182 2359 235 2402 11
286 2362 339 2402 ut
363 2361 442 2402 Po
466 2361 510 2401 et
536 2361 587 2402 ut
616 2361 651 2401 0
675 2358 682 2413 Ι
703 2358 994 2411 pulcherrima
1014 2361 1120 2401 with
1146 2372 1206 2402 απ
1231 2359 1248 2401 i
1274 2361 1367 2402 here
1387 2361 1458 2401 but
1475 2361 1524 2403 in

34 2446 51 2482 y
100 2425 169 2472 D.
189 2428 317 2478 ⁸52.
337 2426 1090 2469 mwithaquiehanitwicein
1113 2427 1150 2467 V

18 2498 19 2503 ’
182 2494 236 2536 12
289 2497 419 2546 atque
432 2496 612 2546 optuma
628 2507 650 2534 z
666 2496 913 2546 Δυρωιίπε,
932 2495 971 2535 is
989 2495 1160 2536 omitted
1178 2495 1229 2549 by
1248 2495 1326 2537 PG

183 2561 236 2606 1⁹
290 2561 366 2603 alii
386 2562 423 2603 0
438 2560 551 2603 alius
567 2561 645 2603 Po

181 2627 236 2670 ²1
288 2627 524 2671 itamiaota
557 2630 652 2670 erat
685 2628 750 2679 (or
779 2629 863 2680 est)
898 2641 921 2670 z
954 2630 1188 2679 Anquatine
1216 2631 1317 2683 (Ep.
1347 2630 1440 2680 138,
1470 2630 1523 2673 10

96 2693 220 2749 qud
253 2706 329 2737 eo·
364 2696 578 2748 (auctores
611 2695 851 2749 Romanos)
886 2694 1005 2737 enim
1041 2695 1105 2738 ita
1132 2696 1311 2750 legitur:
1348 2697 1519 2743 breui...

33 2797 58 2852 ἰ
102 2761 219 2808 fid·
232 2765 340 2813 erat)
357 2764 528 2806 omitted
545 2765 599 2818 bu
616 2765 694 2806 1³0
711 2763 1039 2819 (Dictum—nee
1055 2771 1171 2807 notes

33 2845 85 2944 n
182 2831 242 2876 28
290 2831 460 2876 ciuibus
475 2832 556 2877 ΡΟ
569 2832 737 2887 legibus
754 2846 778 2876 z
795 2835 1030 2887 ducamine
1050 2835 1116 2887 (in
1133 2835 1312 2879 another
1324 2836 1471 2891 place)
