1728 2944
12 0 34 219 Ι,
135 153 309 214 «221,
335 151 421 221 22]
477 153 774 202 BELLVM
812 151 1212 204 CATILINAE.
1488 154 1551 203 19

0 217 31 254 [ἱ

136 276 308 325 aberit.
378 275 500 324 haec
527 276 650 339 ipsa,
673 281 734 324 ut
766 292 924 339 spero,
958 277 1212 324 vobiscum
1244 292 1348 323 una
1380 276 1553 323 consul
1575 300 1616 331 η

0 407 2 409 ,
135 371 293 419 agam,
335 356 435 403 nisi
473 355 604 404 forte
641 372 722 404 me
752 357 948 404 animus
980 356 1117 405 fallit
1149 360 1203 404 et
1240 371 1329 403 vos
1367 355 1554 403 servire

23 429 38 490 ’,
134 436 293 499 magis
314 452 464 499 quam
485 436 728 499 imperare
750 435 917 499 parati
938 436 1092 486 estis'.

0 519 51 590 {r
234 516 506 579 Postquam
550 532 780 579 accepere
824 532 885 564 ea
927 516 1166 576 homines,
1202 516 1384 580 quibus
1422 516 1554 563 mala
1575 507 1644 565 21

0 595 39 694 ’ἱ
93 623 115 655 ⁵
134 598 331 646 abunde
346 598 512 646 omnia
533 603 692 657 erant,
715 597 803 646 sed
824 614 984 662 neque
1007 614 1086 646 res
1107 614 1268 662 neque
1290 614 1403 662 spes
1423 598 1556 645 bona

135 679 254 738 ulla,
300 679 503 726 tametsi
545 678 648 725 illis
691 678 862 741 quieta
907 694 1104 725 movere
1149 694 1330 741 magna
1367 693 1556 725 merces

134 760 412 820 videbatur,
437 765 608 808 tamen
629 760 944 824 postulavere
966 759 1202 823 plerique,
1228 765 1288 806 ut
1319 775 1556 823 propone-
1654 777 1657 781 ·

132 845 227 900 ret,
250 858 378 905 quae
405 842 628 889 condicio
664 842 783 891 belli
816 841 961 900 foret,
994 858 1121 905 quae
1151 842 1372 904 praemia
1404 841 1556 889 armis

13 981 18 987 ι
132 926 375 986 peterent,
399 922 521 984 quid
544 922 728 985 ubique
749 922 857 986 opis
879 928 969 969 aut
989 921 1096 985 spei
1122 921 1374 971 haberent.
1444 927 1554 970 tum
1575 948 1596 971 2

21 1043 25 1045 >
73 1026 116 1053 ιο
134 1002 352 1051 Catilina
373 1003 596 1067 polliceri
624 1004 821 1052 tabulas
852 1020 1007 1052 novas
1046 1004 1454 1067 proscriptionem
1488 1005 1555 1052 lo-

25 1089 27 1092 '
133 1084 422 1148 cupletium‚
467 1085 804 1147 magistratus,
850 1084 1141 1144 sacerdotia,
1193 1084 1409 1148 rapinas,
1455 1085 1556 1133 alia

0 1155 44 1198 ’ν
132 1165 312 1225 omnia,
360 1181 488 1229 quae
531 1165 719 1212 bellum
753 1170 904 1228 atque
942 1164 1114 1213 lubido
1153 1165 1399 1213 victorum
1435 1165 1552 1215 fert.

130 1253 389 1312 praeterea
422 1263 528 1294 esse
567 1247 624 1294 in
657 1247 908 1311 Hispania
943 1247 1170 1295 citeriore
1217 1247 1461 1307 Pisonem,
1499 1248 1554 1295 in
1574 1269 1594 1299 3

132 1328 457 1377 Mauretania
488 1346 602 1376 cum
641 1330 865 1377 exercitu
900 1329 956 1378 P.
985 1329 1192 1377 Sittium
1225 1329 1551 1391 Nucerinum,

25 1417 34 1458 ⁴.
63 1432 115 1465 >ts
131 1411 305 1460 consili
338 1411 416 1459 sui
445 1411 741 1475 participes;
775 1415 945 1475 petere
977 1411 1289 1459 consulatum
1312 1411 1366 1460 O.
1393 1413 1554 1460 Anto-

26 1476 36 1527 Ῐ
130 1492 287 1552 nium,
313 1509 463 1556 quem
497 1493 594 1540 sibi
627 1493 865 1555 collegam
894 1491 1002 1540 fore
1032 1497 1268 1556 speraret,
1301 1492 1553 1541 hominem

29 1590 35 1605 ⁴
131 1579 185 1622 et
205 1573 499 1622 familiarem
523 1579 577 1622 et
606 1575 836 1622 omnibus
866 1574 1312 1623 necessitudinibus
1346 1576 1552 1624 circum-

32 1710 35 1714 ,
131 1659 371 1715 ventum3
406 1671 521 1702 cum
542 1671 601 1702 eo
632 1654 966 1721 Qulem
997 1655 1203 1703 initium
1236 1656 1424 1719 agundi
1455 1634 1725 1710 fan-⁶44·

130 1740 315 1790 turum.
388 1736 453 1784 ad
474 1736 568 1785 hoc
590 1736 868 1785 maledictis
888 1736 1179 1800 increpabat
1200 1738 1361 1787 omnis
1382 1739 1552 1799 bonos,
1571 1769 1592 1800 4
1618 1746 1639 1794 fl

12 1799 42 1880 ’Ξ
101 1833 333 1867 suorum
379 1835 536 1866 unum
576 1835 820 1883 quemque
864 1820 1127 1868 nominans
1172 1820 1410 1872 laudare:
1466 1821 1552 1869 ad-

40 1942 46 1972 ..
130 1900 364 1948 monebat
406 1900 562 1948 alium
608 1901 844 1965 egestatis
878 1902 1033 1950 alium
1078 1902 1370 1967 cupiditatis
1417 1919 1550 1964 suae,

13 1962 46 2001 ‘¹
131 1980 383 2044 conpluris
408 1981 617 2044 periculi
650 1987 742 2046 ant
769 1982 1084 2045 ignominiae,
1108 1983 1294 2031 multos
1315 1984 1554 2033 victoriae

132 2059 379 2122 Sullanae,
403 2062 585 2125 quibus
602 2078 661 2110 ea
683 2062 895 2127 praedae
918 2062 1097 2113 fuerat.
1167 2069 1432 2128 postquam
1455 2081 1554 2113 om·
1573 2087 1593 2119 ς

130 2140 272 2189 nium
288 2141 480 2190 animos
496 2142 673 2191 alacris
691 2143 844 2204 videt,
863 2143 1162 2205 cohortatus,
1179 2150 1238 2193 ut
1259 2146 1555 2209 petitionem

93 2258 104 2268 «μ
131 2237 272 2271 mam
296 2239 444 2271 curae
466 2222 723 2284 haberent,
748 2228 1050 2273 conventum
1072 2225 1276 2274 dimisit.
1333 2226 1473 2275 fuere
1496 2244 1556 2276 ea
1576 2226 1654 2285 22

131 2305 428 2367 tempestate
461 2304 548 2367 qui
582 2303 807 2352 dicerent
837 2303 1103 2353 Catilinam
1126 2306 1350 2355 oratione
1382 2307 1557 2357 habita

132 2398 245 2433 cum
266 2383 332 2432 ad
353 2383 699 2433 iusiurandum
722 2385 976 2461 le-aris
998 2385 1196 2434 sceleris
1212 2387 1291 2434 sui
1314 2386 1551 2452 adigeret,
1565 2381 1728 2436 *KQ-¹¹4

52 2516 57 2523 ,
131 2461 339 2512 humani
370 2465 588 2528 corporis
610 2465 901 2528 sanguinem
925 2465 1043 2514 vino
1063 2466 1367 2530 permixtum
1391 2468 1447 2515 in
1468 2484 1554 2532 pa-
1597 2443 1728 2485 ’.ᾖ

53 2560 59 2587 s
131 2545 255 2593 teris
289 2544 649 2593 circumtulisse
664 2559 701 2605 ς·
726 2544 846 2613 inde
886 2562 999 2593 cum
1035 2550 1149 2610 post
1190 2547 1554 2597 execrationem
1574 2573 1595 2597 α

54 2621 58 2630 ’
132 2639 303 2676 omnes
334 2624 744 2691 degustavissent,
773 2626 924 2676 sicuti
955 2627 1013 2676 in
1046 2627 1367 2678 sollemnibus
1401 2629 1555 2681 sacris

212 2765 268 2808 28
319 2765 504 2819 praedae
522 2766 664 2809 tuerat
675 2780 709 2821 p
726 2767 883 2820 praeda
900 2767 984 2811 tuit
1001 2769 1043 2811 Ρ

122 2893 128 2899 ⁴
212 2832 270 2876 ⁸0
320 2833 450 2878 nicuti
466 2835 545 2878 Po
560 2834 672 2880 sieut
686 2837 722 2879 0
739 2836 851 2881 sient
868 2839 918 2880 iu
934 2838 1135 2882 Jordan’e
1153 2844 1241 2883 text
1258 2852 1287 2882 a
1303 2841 1498 2893 misprint

1285 2908 1416 2944 Q-‘i
