1728 2944
198 113 228 161 8
517 111 588 162 JC.
636 110 978 162 SALLVSTI
1021 112 1265 162 CRISPI
1359 112 1444 181 [cc.
1474 115 1517 177 9,
1551 117 1613 164 10
1678 0 1728 220 ἒ

195 232 358 281 virtus
393 237 533 281 tanta
563 233 788 293 habetur,
814 240 1056 298 quantum
1084 252 1193 283 eam
1215 236 1379 284 verbis
1409 241 1614 300 potuere
1695 214 1713 260 ξ·

153 334 173 366 5
197 314 434 362 extollere
478 314 730 377 praeclara
775 315 984 377 ingenia.
1062 320 1116 363 at
1160 317 1341 379 populo
1388 317 1614 365 Romano
1699 351 1713 386 i

194 411 466 458 numquam
490 411 548 442 ea
575 395 714 457 copia
744 395 859 458 fuit,
889 397 1005 459 quia
1035 397 1463 459 prudentissumus
1486 399 1614 462 quis·

187 492 291 538 ¹que
314 491 546 523 maxume
569 477 851 539 negotiosus
877 483 1012 526 erat:
1049 479 1303 542 ingenium
1333 495 1478 526 nemo
1509 480 1615 527 sinc

195 572 394 618 corpore
430 557 718 618 excrcebat3
759 563 991 621 optumus
1025 560 1231 622 quisque
1271 560 1432 607 facere
1468 577 1614 623 quam
1636 589 1656 621 5
1698 537 1728 603 3

196 636 373 696 dicere,
411 653 502 684 sua
541 638 604 685 ab
644 638 755 685 aliis
794 639 1051 686 benefacta
1090 640 1284 687 laudari
1323 657 1471 703 quam
1511 641 1616 704 ipse
1692 678 1695 679 ν

137 717 173 773 9
188 719 405 766 <aliorum
437 736 639 767 narrare
669 720 896 769 malebat.
969 722 1124 784 igitur
1150 722 1284 770 domi
1313 724 1617 786 militiaeque
1692 752 1695 769 i

197 800 315 847 boni
337 816 497 847 mores
521 800 823 860 colebantur,
843 802 1102 849 concordia
1125 819 1372 862 maxuma,
1397 803 1619 851 minuma
1692 815 1694 867 j

194 881 409 929 avaritia
443 885 566 941 erat,
595 881 675 929 ius
707 882 989 945 bonumque
1020 884 1152 947 apud
1184 900 1266 931 eos
1296 901 1398 931 non
1428 885 1619 947 legibus
1690 876 1716 925 ἶἸ

157 990 177 1011 2
198 964 354 1026 magis
388 979 536 1026 quam
570 968 752 1011 natura
784 965 995 1014 valebat.
1067 966 1227 1029 iurgia
1258 966 1524 1013 discordias
1559 966 1618 1013 si·
1640 991 1690 1014 ιι)Υ

198 1045 435 1092 multates
466 1060 578 1091 cum
608 1044 835 1092 hostibus
866 1047 1177 1106 exercebant,
1204 1047 1336 1094 cives
1360 1064 1473 1094 cum
1505 1047 1620 1094 civi-
1694 1066 1695 1070 ¹

197 1126 292 1173 bus
337 1125 399 1173 de
444 1126 630 1173 virtute
675 1127 945 1175 certabant.
1016 1128 1072 1174 in
1117 1129 1372 1191 suppliciis
1417 1130 1618 1177 deorum

159 1225 179 1256 3
200 1206 464 1269 magnifici,
489 1206 622 1253 domi
644 1207 794 1270 parci,
817 1208 871 1254 in
894 1208 1074 1255 amicos
1097 1209 1266 1257 fideles
1289 1214 1445 1260 erant.
1505 1206 1619 1257 dua·
1683 1253 1686 1256 Α

199 1288 293 1335 bus
323 1288 400 1335 his
423 1288 627 1347 artibus,
653 1288 860 1336 audacia
887 1289 942 1336 in
971 1290 1116 1350 bello,
1141 1291 1230 1338 ubi
1259 1308 1359 1354 pax.
1389 1298 1622 1341 evenerat

159 1389 179 1420 4
200 1368 450 1431 aequitate
465 1385 612 1431 seque
627 1385 825 1432 remque
842 1370 1091 1433 publicam
1107 1372 1359 1420 curabant.
1411 1389 1621 1436 quarum
1644 1366 1692 1431 115v
1726 1400 1728 1438 3

201 1467 366 1498 rerum
407 1467 496 1514 ego
535 1458 770 1498 maxuma
800 1452 1095 1506 documenta
1134 1453 1255 1513 hQ
1284 1454 1455 1514 habeo,
1490 1456 1622 1518 quod
1692 1458 1694 1462 ’

200 1533 256 1580 111
277 1534 407 1581 bello
425 1534 620 1597 saepius
637 1534 946 1582 vindicatum
965 1536 1112 1583 estin
1134 1552 1231 1595 eos,
1247 1536 1334 1599 qui
1350 1541 1519 1583 contra
1536 1537 1622 1583 im-
1715 1550 1728 1600 ,j

199 1615 395 1679 perium
416 1615 471 1662 in
492 1615 684 1663 hostem
707 1622 1053 1679 pugnaverant
1076 1620 1258 1682 quique
1274 1621 1468 1668 tardius
1489 1637 1624 1668 revo-
1694 1602 1728 1700 {³

202 1697 303 1746 cati
325 1697 512 1760 proelio
542 1703 867 1759 excesserant,
893 1715 1042 1762 quam
1074 1700 1160 1763 qui
1184 1701 1325 1764 signa
1347 1701 1624 1764 relinquere
1675 1708 1718 1770 f„

163 1797 183 1830 5
203 1783 292 1826 aut
314 1777 446 1841 pulsi
468 1778 573 1826 loco
596 1778 766 1826 cedere
789 1779 898 1826 ausi
920 1784 1086 1840 erant3
1120 1781 1175 1827 in
1196 1798 1315 1844 pace
1338 1798 1468 1841 vero,
1493 1783 1624 1844 quod
1645 1807 1689 1831 ω
1708 1779 1728 1865 j}

203 1861 444 1908 benificiis
468 1861 626 1924 magis
656 1877 804 1924 quam
827 1868 965 1908 metu
989 1862 1251 1925 imperium
1275 1864 1548 1926 agitabant,
1573 1869 1625 1911 et
1706 1838 1728 1928 {js

206 1945 408 2004 accepta
430 1940 614 1988 iniuria
639 1941 888 2004 ignoscere
910 1958 1059 2005 quam
1081 1944 1308 2005 persequi
1329 1944 1636 2002 malebanta
1705 1934 1727 2018 Ξζ

117 2026 189 2083 10
311 2022 407 2069 Sed
437 2022 525 2068 ubi
554 2021 721 2068 labore
744 2026 893 2085 atque
915 2022 1111 2070 iustitia
1132 2039 1210 2070 res
1233 2024 1430 2086 publica
1452 2026 1623 2084 crevit,
1705 2087 1710 2093 ,

209 2118 347 2166 reges
376 2101 544 2164 magni
573 2102 704 2149 bello
734 2102 924 2161 domiti,
952 2103 1180 2151 nationes
1210 2104 1344 2151 ferae
1375 2109 1426 2152 et
1456 2106 1626 2168 populi
1705 2118 1712 2166 ἕ

206 2183 435 2247 ingentes
452 2182 505 2229 vi
521 2183 728 2242 subacti,
742 2183 990 2248 Carthago
1007 2185 1200 2232 aemula
1216 2184 1393 2248 imperi
1411 2186 1626 2233 Romani
1646 2211 1707 2254 25

206 2264 270 2311 ab
293 2262 448 2326 stirpe
470 2262 678 2322 interiit,
704 2268 882 2310 cuncta
904 2264 1060 2311 maria
1086 2269 1342 2329 terraeque
1365 2267 1624 2329 patebant:

205 2421 343 2460 added
362 2421 412 2473 by
434 2419 501 2459 the
520 2419 689 2459 writer.-
719 2419 768 2458 in
784 2417 839 2458 Ρ1
865 2419 903 2459 it
927 2419 966 2459 is
992 2420 1129 2460 added
1155 2419 1205 2473 by
1234 2432 1263 2460 a
1291 2421 1399 2460 later
1426 2419 1556 2475 hand)
1592 2421 1627 2462 0
1691 2359 1723 2511 {l

206 2500 256 2529 ea
275 2501 352 2529 om.
371 2501 393 2527 z
408 2489 568 2528 Jerome
724 2538 731 2546 Ξ
1692 2512 1694 2514 -
1719 2468 1728 2510 ¹⁴³

288 2556 313 2594 1
367 2566 464 2595 eam
483 2567 556 2595 one
575 2554 625 2606 of
639 2554 674 2595 G
689 2555 852 2595 Jerome
870 2566 921 2596 ea
938 2555 1016 2596 Po

288 2624 340 2662 13
395 2622 545 2663 amicis
562 2635 585 2663 z

289 2690 341 2729 21
396 2689 532 2740 magis
552 2701 682 2740 quam
703 2690 737 2729 C'
754 2688 892 2739 magis
912 2701 989 2729 om.
1008 2688 1086 2730 PG

289 2759 343 2798 25
396 2756 591 2810 ingentes
609 2756 686 2800 om.
705 2756 783 2800 PC
800 2756 906 2813 (one)
