<?xml version="1.0" encoding="UTF-8"?>
<!DOCTYPE html PUBLIC "-//W3C//DTD XHTML 1.0 Transitional//EN"
    "http://www.w3.org/TR/xhtml1/DTD/xhtml1-transitional.dtd">
<html xmlns="http://www.w3.org/1999/xhtml" xml:lang="en" lang="en">
 <head>
  <title>
</title>
<meta http-equiv="Content-Type" content="text/html;charset=utf-8" />
  <meta name='ocr-system' content='tesseract 3.04.00' />
  <meta name='ocr-capabilities' content='ocr_page ocr_carea ocr_par ocr_line ocrx_word'/>
</head>
<body>
  <div class='ocr_page' id='page_1' title='image "bellumcatulinaes00salluoft_0121.png"; bbox 0 0 1728 2944; ppageno 0'>
   <div class='ocr_carea' id='block_1_1' title="bbox 142 111 1555 188">
    <p class='ocr_par' dir='ltr' id='par_1_1' title="bbox 142 111 1555 188">
     <span class='ocr_line' id='line_1_1' title="bbox 142 111 1555 188; baseline -0.001 -17"><span class='ocrx_word' id='word_1_1' title='bbox 142 115 298 188; x_wconf 63' lang='lat'>6:59]</span> <span class='ocrx_word' id='word_1_2' title='bbox 476 117 659 169; x_wconf 72' lang='lat' dir='ltr'><em>BELL</em></span> <span class='ocrx_word' id='word_1_3' title='bbox 667 118 775 171; x_wconf 73' lang='lat' dir='ltr'><strong>ms</strong></span> <span class='ocrx_word' id='word_1_4' title='bbox 810 112 1210 171; x_wconf 68' lang='lat' dir='ltr'><em>CATILINAE.</em></span> <span class='ocrx_word' id='word_1_5' title='bbox 1488 111 1555 170; x_wconf 73' lang='lat'><strong>59</strong></span> 
     </span>
    </p>
   </div>
   <div class='ocr_carea' id='block_1_2' title="bbox 97 241 1619 713">
    <p class='ocr_par' dir='ltr' id='par_1_2' title="bbox 97 241 1619 713">
     <span class='ocr_line' id='line_1_2' title="bbox 141 241 1556 306; baseline -0.001 -15"><span class='ocrx_word' id='word_1_6' title='bbox 141 242 282 291; x_wconf 83' lang='lat' dir='ltr'><strong>vobis</strong></span> <span class='ocrx_word' id='word_1_7' title='bbox 316 258 429 291; x_wconf 91' lang='lat' dir='ltr'><strong>cum</strong></span> <span class='ocrx_word' id='word_1_8' title='bbox 464 258 659 290; x_wconf 75' lang='lat' dir='ltr'><strong>summa</strong></span> <span class='ocrx_word' id='word_1_9' title='bbox 690 241 1007 306; x_wconf 71' lang='lat' dir='ltr'><strong>turpitudine</strong></span> <span class='ocrx_word' id='word_1_10' title='bbox 1043 242 1100 290; x_wconf 91' lang='lat' dir='ltr'><strong>in</strong></span> <span class='ocrx_word' id='word_1_11' title='bbox 1144 242 1295 291; x_wconf 84' lang='lat' dir='ltr'><strong>exilio</strong></span> <span class='ocrx_word' id='word_1_12' title='bbox 1339 245 1556 290; x_wconf 77' lang='lat' dir='ltr'><strong>aetatem</strong></span> 
     </span>
     <span class='ocr_line' id='line_1_3' title="bbox 139 321 1557 387; baseline -0.001 -16"><span class='ocrx_word' id='word_1_13' title='bbox 139 338 296 386; x_wconf 72' lang='lat' dir='ltr'><strong>agere,</strong></span> <span class='ocrx_word' id='word_1_14' title='bbox 337 322 573 387; x_wconf 83' lang='lat' dir='ltr'><strong>potuistis</strong></span> <span class='ocrx_word' id='word_1_15' title='bbox 616 337 720 370; x_wconf 91' lang='lat' dir='ltr'><strong>non</strong></span> <span class='ocrx_word' id='word_1_16' title='bbox 762 322 893 370; x_wconf 81' lang='lat' dir='ltr'><strong>nulli</strong></span> <span class='ocrx_word' id='word_1_17' title='bbox 938 322 1130 371; x_wconf 76' lang='lat' dir='ltr'><strong>Romae</strong></span> <span class='ocrx_word' id='word_1_18' title='bbox 1175 322 1368 370; x_wconf 76' lang='lat' dir='ltr'><strong>amissis</strong></span> <span class='ocrx_word' id='word_1_19' title='bbox 1411 321 1557 370; x_wconf 86' lang='lat' dir='ltr'><strong>bonis</strong></span> 
     </span>
     <span class='ocr_line' id='line_1_4' title="bbox 138 403 1619 468; baseline 0 -16"><span class='ocrx_word' id='word_1_20' title='bbox 138 403 326 453; x_wconf 71' lang='lat' dir='ltr'><strong>alienas</strong></span> <span class='ocrx_word' id='word_1_21' title='bbox 346 420 464 468; x_wconf 85' lang='lat' dir='ltr'><strong>opes</strong></span> <span class='ocrx_word' id='word_1_22' title='bbox 485 409 776 468; x_wconf 75' lang='lat' dir='ltr'><strong>expectare:</strong></span> <span class='ocrx_word' id='word_1_23' title='bbox 808 404 927 468; x_wconf 78' lang='lat' dir='ltr'><strong>quia</strong></span> <span class='ocrx_word' id='word_1_24' title='bbox 947 404 1037 452; x_wconf 81' lang='lat' dir='ltr'><strong>illa</strong></span> <span class='ocrx_word' id='word_1_25' title='bbox 1052 404 1199 452; x_wconf 80' lang='lat' dir='ltr'><strong>foeda</strong></span> <span class='ocrx_word' id='word_1_26' title='bbox 1214 408 1366 468; x_wconf 79' lang='lat' dir='ltr'><strong>atque</strong></span> <span class='ocrx_word' id='word_1_27' title='bbox 1383 403 1557 451; x_wconf 87' lang='lat' dir='ltr'><strong>intolc-</strong></span> <span class='ocrx_word' id='word_1_28' title='bbox 1578 421 1619 452; x_wconf 81' lang='lat'><strong>14</strong></span> 
     </span>
     <span class='ocr_line' id='line_1_5' title="bbox 137 484 1618 548; baseline 0 -15"><span class='ocrx_word' id='word_1_29' title='bbox 137 485 296 533; x_wconf 70' lang='lat' dir='ltr'><strong>rande.</strong></span> <span class='ocrx_word' id='word_1_30' title='bbox 324 486 450 533; x_wconf 83' lang='lat' dir='ltr'><strong>viris</strong></span> <span class='ocrx_word' id='word_1_31' title='bbox 480 485 794 544; x_wconf 74' lang='lat' dir='ltr'><strong>videbantur,</strong></span> <span class='ocrx_word' id='word_1_32' title='bbox 818 484 940 533; x_wconf 79' lang='lat' dir='ltr'><strong>hacc</strong></span> <span class='ocrx_word' id='word_1_33' title='bbox 971 485 1112 548; x_wconf 85' lang='lat' dir='ltr'><strong>sequi</strong></span> <span class='ocrx_word' id='word_1_34' title='bbox 1140 484 1440 533; x_wconf 75' lang='lat' dir='ltr'><strong>decrevistis.</strong></span> <span class='ocrx_word' id='word_1_35' title='bbox 1511 484 1556 531; x_wconf 91' lang='lat' dir='ltr'><strong>si</strong></span> <span class='ocrx_word' id='word_1_36' title='bbox 1578 502 1618 533; x_wconf 73' lang='grc' dir='ltr'><strong>ιε</strong></span> 
     </span>
     <span class='ocr_line' id='line_1_6' title="bbox 97 564 1556 631; baseline -0.001 -17"><span class='ocrx_word' id='word_1_37' title='bbox 97 579 120 614; x_wconf 82' lang='lat' dir='ltr'><strong>s</strong></span> <span class='ocrx_word' id='word_1_38' title='bbox 137 565 258 614; x_wconf 77' lang='lat' dir='ltr'><strong>hacc</strong></span> <span class='ocrx_word' id='word_1_39' title='bbox 280 567 557 631; x_wconf 83' lang='lat' dir='ltr'><strong>relinquere</strong></span> <span class='ocrx_word' id='word_1_40' title='bbox 578 566 743 626; x_wconf 87' lang='lat' dir='ltr'><strong>voltis,</strong></span> <span class='ocrx_word' id='word_1_41' title='bbox 769 566 977 614; x_wconf 81' lang='lat' dir='ltr'><strong>audacia</strong></span> <span class='ocrx_word' id='word_1_42' title='bbox 999 582 1123 630; x_wconf 89' lang='lat' dir='ltr'><strong>opus</strong></span> <span class='ocrx_word' id='word_1_43' title='bbox 1146 570 1253 615; x_wconf 87' lang='lat' dir='ltr'><strong>est:</strong></span> <span class='ocrx_word' id='word_1_44' title='bbox 1288 581 1433 613; x_wconf 90' lang='lat' dir='ltr'><strong>nemo</strong></span> <span class='ocrx_word' id='word_1_45' title='bbox 1454 564 1556 613; x_wconf 88' lang='lat' dir='ltr'><strong>nisi</strong></span> 
     </span>
     <span class='ocr_line' id='line_1_7' title="bbox 136 647 1619 713; baseline -0.001 -18"><span class='ocrx_word' id='word_1_46' title='bbox 136 648 298 697; x_wconf 79' lang='lat' dir='ltr'><strong>victor</strong></span> <span class='ocrx_word' id='word_1_47' title='bbox 316 665 437 713; x_wconf 80' lang='lat' dir='ltr'><strong>pace</strong></span> <span class='ocrx_word' id='word_1_48' title='bbox 459 649 646 696; x_wconf 89' lang='lat' dir='ltr'><strong>bellum</strong></span> <span class='ocrx_word' id='word_1_49' title='bbox 667 649 898 696; x_wconf 79' lang='lat' dir='ltr'><strong>mutavit.</strong></span> <span class='ocrx_word' id='word_1_50' title='bbox 969 664 1085 695; x_wconf 79' lang='lat' dir='ltr'><strong>nam</strong></span> <span class='ocrx_word' id='word_1_51' title='bbox 1109 648 1164 695; x_wconf 92' lang='lat' dir='ltr'><strong>in</strong></span> <span class='ocrx_word' id='word_1_52' title='bbox 1193 647 1315 711; x_wconf 78' lang='lat' dir='ltr'><strong>fuga</strong></span> <span class='ocrx_word' id='word_1_53' title='bbox 1341 647 1554 696; x_wconf 83' lang='lat' dir='ltr'><strong>salutem</strong></span> <span class='ocrx_word' id='word_1_54' title='bbox 1576 659 1619 694; x_wconf 80' lang='lat'><strong>16</strong></span> 
     </span>
    </p>
   </div>
   <div class='ocr_carea' id='block_1_3' title="bbox 0 0 108 404">
    <p class='ocr_par' dir='ltr' id='par_1_3' title="bbox 0 0 108 404">
     <span class='ocr_line' id='line_1_8' title="bbox 0 0 108 404; baseline 0 2540"><span class='ocrx_word' id='word_1_55' title='bbox 0 0 108 404; x_wconf 95' lang='lat' dir='ltr'><strong> </strong></span> 
     </span>
    </p>
   </div>
   <div class='ocr_carea' id='block_1_4' title="bbox 83 728 1647 2257">
    <p class='ocr_par' dir='ltr' id='par_1_4' title="bbox 132 728 1618 1198">
     <span class='ocr_line' id='line_1_9' title="bbox 135 728 1552 794; baseline -0.001 -16"><span class='ocrx_word' id='word_1_56' title='bbox 135 746 347 794; x_wconf 75' lang='lat' dir='ltr'><strong>sperare,</strong></span> <span class='ocrx_word' id='word_1_57' title='bbox 370 746 482 778; x_wconf 89' lang='lat' dir='ltr'><strong>cum</strong></span> <span class='ocrx_word' id='word_1_58' title='bbox 505 746 659 790; x_wconf 77' lang='lat' dir='ltr'><strong>arma,</strong></span> <span class='ocrx_word' id='word_1_59' title='bbox 683 730 864 794; x_wconf 88' lang='lat' dir='ltr'><strong>quibus</strong></span> <span class='ocrx_word' id='word_1_60' title='bbox 886 745 1062 792; x_wconf 89' lang='lat' dir='ltr'><strong>corpus</strong></span> <span class='ocrx_word' id='word_1_61' title='bbox 1084 729 1287 793; x_wconf 84' lang='lat' dir='ltr'><strong>tegitur,</strong></span> <span class='ocrx_word' id='word_1_62' title='bbox 1313 730 1377 777; x_wconf 82' lang='lat' dir='ltr'><strong>ab</strong></span> <span class='ocrx_word' id='word_1_63' title='bbox 1398 728 1552 777; x_wconf 83' lang='lat' dir='ltr'><strong>hosti-</strong></span> 
     </span>
     <span class='ocr_line' id='line_1_10' title="bbox 133 809 1618 874; baseline -0.001 -16"><span class='ocrx_word' id='word_1_64' title='bbox 133 810 228 858; x_wconf 91' lang='lat' dir='ltr'><strong>bus</strong></span> <span class='ocrx_word' id='word_1_65' title='bbox 266 810 523 870; x_wconf 75' lang='lat' dir='ltr'><strong>avorteris,</strong></span> <span class='ocrx_word' id='word_1_66' title='bbox 563 826 624 858; x_wconf 79' lang='lat' dir='ltr'><strong>ea</strong></span> <span class='ocrx_word' id='word_1_67' title='bbox 659 826 779 858; x_wconf 82' lang='lat' dir='ltr'><strong>vero</strong></span> <span class='ocrx_word' id='word_1_68' title='bbox 822 809 1075 857; x_wconf 82' lang='lat' dir='ltr'><strong>dementia</strong></span> <span class='ocrx_word' id='word_1_69' title='bbox 1109 815 1197 858; x_wconf 83' lang='lat' dir='ltr'><strong>est.</strong></span> <span class='ocrx_word' id='word_1_70' title='bbox 1271 826 1464 874; x_wconf 86' lang='lat' dir='ltr'><strong>semper</strong></span> <span class='ocrx_word' id='word_1_71' title='bbox 1498 811 1554 858; x_wconf 87' lang='lat' dir='ltr'><strong>in</strong></span> <span class='ocrx_word' id='word_1_72' title='bbox 1577 833 1618 866; x_wconf 74' lang='grc' dir='ltr'><em>η</em></span> 
     </span>
     <span class='ocr_line' id='line_1_11' title="bbox 133 890 1554 955; baseline 0.001 -16"><span class='ocrx_word' id='word_1_73' title='bbox 133 890 321 955; x_wconf 84' lang='lat' dir='ltr'><strong>proelio</strong></span> <span class='ocrx_word' id='word_1_74' title='bbox 352 891 426 939; x_wconf 87' lang='lat' dir='ltr'><strong>cis</strong></span> <span class='ocrx_word' id='word_1_75' title='bbox 459 906 749 938; x_wconf 79' lang='lat' dir='ltr'><strong>maxumum</strong></span> <span class='ocrx_word' id='word_1_76' title='bbox 783 894 862 938; x_wconf 88' lang='lat' dir='ltr'><strong>est</strong></span> <span class='ocrx_word' id='word_1_77' title='bbox 893 890 1185 954; x_wconf 88' lang='lat' dir='ltr'><strong>periculum,</strong></span> <span class='ocrx_word' id='word_1_78' title='bbox 1210 890 1298 954; x_wconf 92' lang='lat' dir='ltr'><strong>qui</strong></span> <span class='ocrx_word' id='word_1_79' title='bbox 1320 907 1554 940; x_wconf 85' lang='lat' dir='ltr'><strong>maxume</strong></span> 
     </span>
     <span class='ocr_line' id='line_1_12' title="bbox 134 972 1616 1036; baseline -0.003 -15"><span class='ocrx_word' id='word_1_80' title='bbox 134 972 328 1032; x_wconf 86' lang='lat' dir='ltr'><strong>timent,</strong></span> <span class='ocrx_word' id='word_1_81' title='bbox 352 972 557 1021; x_wconf 77' lang='lat' dir='ltr'><strong>audacia</strong></span> <span class='ocrx_word' id='word_1_82' title='bbox 590 988 680 1036; x_wconf 88' lang='lat' dir='ltr'><strong>pro</strong></span> <span class='ocrx_word' id='word_1_83' title='bbox 712 988 856 1020; x_wconf 89' lang='lat' dir='ltr'><strong>muro</strong></span> <span class='ocrx_word' id='word_1_84' title='bbox 889 972 1113 1021; x_wconf 83' lang='lat' dir='ltr'><strong>habetur.</strong></span> <span class='ocrx_word' id='word_1_85' title='bbox 1186 988 1301 1020; x_wconf 90' lang='lat' dir='ltr'><strong>cum</strong></span> <span class='ocrx_word' id='word_1_86' title='bbox 1331 988 1419 1020; x_wconf 89' lang='lat' dir='ltr'><strong>vos</strong></span> <span class='ocrx_word' id='word_1_87' title='bbox 1442 989 1553 1020; x_wconf 87' lang='lat' dir='ltr'><strong>con·</strong></span> <span class='ocrx_word' id='word_1_88' title='bbox 1575 985 1616 1017; x_wconf 87' lang='lat'><strong>18</strong></span> 
     </span>
     <span class='ocr_line' id='line_1_13' title="bbox 132 1052 1553 1116; baseline -0.001 -14"><span class='ocrx_word' id='word_1_89' title='bbox 132 1052 309 1114; x_wconf 77' lang='lat' dir='ltr'><strong>sidero,</strong></span> <span class='ocrx_word' id='word_1_90' title='bbox 333 1053 535 1113; x_wconf 89' lang='lat' dir='ltr'><strong>milites,</strong></span> <span class='ocrx_word' id='word_1_91' title='bbox 559 1059 613 1100; x_wconf 88' lang='lat' dir='ltr'><strong>ct</strong></span> <span class='ocrx_word' id='word_1_92' title='bbox 634 1069 748 1100; x_wconf 91' lang='lat' dir='ltr'><strong>cum</strong></span> <span class='ocrx_word' id='word_1_93' title='bbox 770 1052 907 1101; x_wconf 80' lang='lat' dir='ltr'><strong>facta</strong></span> <span class='ocrx_word' id='word_1_94' title='bbox 927 1058 1098 1100; x_wconf 81' lang='lat' dir='ltr'><strong>vostra</strong></span> <span class='ocrx_word' id='word_1_95' title='bbox 1114 1057 1355 1111; x_wconf 76' lang='lat' dir='ltr'><strong>aestumo,</strong></span> <span class='ocrx_word' id='word_1_96' title='bbox 1370 1069 1553 1116; x_wconf 82' lang='lat' dir='ltr'><strong>magna</strong></span> 
     </span>
     <span class='ocr_line' id='line_1_14' title="bbox 132 1132 1616 1198; baseline -0.003 -15"><span class='ocrx_word' id='word_1_97' title='bbox 132 1150 213 1183; x_wconf 82' lang='lat' dir='ltr'><strong>mc</strong></span> <span class='ocrx_word' id='word_1_98' title='bbox 234 1150 345 1198; x_wconf 81' lang='lat' dir='ltr'><strong>spes</strong></span> <span class='ocrx_word' id='word_1_99' title='bbox 368 1134 606 1182; x_wconf 72' lang='lat' dir='ltr'><strong>victoriae</strong></span> <span class='ocrx_word' id='word_1_100' title='bbox 628 1139 779 1181; x_wconf 71' lang='lat' dir='ltr'><strong>tenet.</strong></span> <span class='ocrx_word' id='word_1_101' title='bbox 832 1133 1029 1181; x_wconf 81' lang='lat' dir='ltr'><strong>animus</strong></span> <span class='ocrx_word' id='word_1_102' title='bbox 1052 1137 1189 1180; x_wconf 79' lang='lat' dir='ltr'><strong>aetas</strong></span> <span class='ocrx_word' id='word_1_103' title='bbox 1207 1132 1370 1180; x_wconf 86' lang='lat' dir='ltr'><strong>virtus</strong></span> <span class='ocrx_word' id='word_1_104' title='bbox 1383 1138 1554 1181; x_wconf 74' lang='lat' dir='ltr'><strong>vostra</strong></span> <span class='ocrx_word' id='word_1_105' title='bbox 1574 1155 1616 1188; x_wconf 70' lang='grc' dir='ltr'><strong>ις</strong></span> 
     </span>
    </p>

    <p class='ocr_par' dir='ltr' id='par_1_5' title="bbox 83 1215 1616 1849">
     <span class='ocr_line' id='line_1_15' title="bbox 83 1215 1551 1280; baseline -0.001 -16"><span class='ocrx_word' id='word_1_106' title='bbox 83 1270 92 1275; x_wconf 53' lang='grc'><strong>,</strong></span> <span class='ocrx_word' id='word_1_107' title='bbox 132 1231 213 1264; x_wconf 89' lang='lat' dir='ltr'><strong>me</strong></span> <span class='ocrx_word' id='word_1_108' title='bbox 247 1215 527 1275; x_wconf 76' lang='lat' dir='ltr'><strong>hortantur,</strong></span> <span class='ocrx_word' id='word_1_109' title='bbox 569 1221 827 1279; x_wconf 71' lang='lat' dir='ltr'><strong>praeterea</strong></span> <span class='ocrx_word' id='word_1_110' title='bbox 861 1215 1186 1277; x_wconf 83' lang='lat' dir='ltr'><strong>necessitud0‚</strong></span> <span class='ocrx_word' id='word_1_111' title='bbox 1226 1231 1354 1280; x_wconf 82' lang='lat' dir='ltr'><strong>quae</strong></span> <span class='ocrx_word' id='word_1_112' title='bbox 1398 1215 1551 1263; x_wconf 86' lang='lat' dir='ltr'><strong>etiam</strong></span> 
     </span>
     <span class='ocr_line' id='line_1_16' title="bbox 131 1295 1616 1344; baseline -0.001 0"><span class='ocrx_word' id='word_1_113' title='bbox 131 1295 334 1344; x_wconf 88' lang='lat' dir='ltr'><strong>timidos</strong></span> <span class='ocrx_word' id='word_1_114' title='bbox 371 1296 518 1344; x_wconf 84' lang='lat' dir='ltr'><strong>fortis</strong></span> <span class='ocrx_word' id='word_1_115' title='bbox 556 1296 690 1344; x_wconf 81' lang='lat' dir='ltr'><strong>facit.</strong></span> <span class='ocrx_word' id='word_1_116' title='bbox 762 1312 879 1343; x_wconf 80' lang='lat' dir='ltr'><strong>nam</strong></span> <span class='ocrx_word' id='word_1_117' title='bbox 918 1295 1191 1343; x_wconf 89' lang='lat' dir='ltr'><strong>multitudo</strong></span> <span class='ocrx_word' id='word_1_118' title='bbox 1229 1296 1446 1343; x_wconf 90' lang='lat' dir='ltr'><strong>hostium</strong></span> <span class='ocrx_word' id='word_1_119' title='bbox 1487 1311 1552 1344; x_wconf 90' lang='lat' dir='ltr'><strong>ne</strong></span> <span class='ocrx_word' id='word_1_120' title='bbox 1572 1320 1616 1343; x_wconf 80' lang='lat'><strong>20</strong></span> 
     </span>
     <span class='ocr_line' id='line_1_17' title="bbox 133 1375 1614 1440; baseline 0.001 -15"><span class='ocrx_word' id='word_1_121' title='bbox 133 1376 490 1425; x_wconf 76' lang='lat' dir='ltr'><strong>circumvenire</strong></span> <span class='ocrx_word' id='word_1_122' title='bbox 510 1381 676 1440; x_wconf 78' lang='lat' dir='ltr'><strong>queat,</strong></span> <span class='ocrx_word' id='word_1_123' title='bbox 691 1375 956 1440; x_wconf 87' lang='lat' dir='ltr'><strong>prohibent</strong></span> <span class='ocrx_word' id='word_1_124' title='bbox 977 1376 1237 1439; x_wconf 82' lang='lat' dir='ltr'><strong>angustiae</strong></span> <span class='ocrx_word' id='word_1_125' title='bbox 1251 1376 1360 1426; x_wconf 90' lang='lat' dir='ltr'><strong>loci.</strong></span> <span class='ocrx_word' id='word_1_126' title='bbox 1401 1376 1552 1440; x_wconf 71' lang='lat' dir='ltr'><strong>quod-</strong></span> <span class='ocrx_word' id='word_1_127' title='bbox 1573 1403 1614 1427; x_wconf 64' lang='grc' dir='ltr'><strong>ει</strong></span> 
     </span>
     <span class='ocr_line' id='line_1_18' title="bbox 131 1456 1553 1516; baseline 0 -10"><span class='ocrx_word' id='word_1_128' title='bbox 131 1457 177 1506; x_wconf 81' lang='lat' dir='ltr'><strong>si</strong></span> <span class='ocrx_word' id='word_1_129' title='bbox 210 1457 396 1505; x_wconf 84' lang='lat' dir='ltr'><strong>virtuti</strong></span> <span class='ocrx_word' id='word_1_130' title='bbox 427 1463 627 1505; x_wconf 78' lang='lat' dir='ltr'><strong>vostrae</strong></span> <span class='ocrx_word' id='word_1_131' title='bbox 661 1456 867 1505; x_wconf 77' lang='lat' dir='ltr'><strong>fortuna</strong></span> <span class='ocrx_word' id='word_1_132' title='bbox 900 1457 1152 1516; x_wconf 83' lang='lat' dir='ltr'><strong>inviderit,</strong></span> <span class='ocrx_word' id='word_1_133' title='bbox 1189 1462 1360 1505; x_wconf 72' lang='lat' dir='ltr'><strong>cavete</strong></span> <span class='ocrx_word' id='word_1_134' title='bbox 1399 1457 1553 1506; x_wconf 90' lang='lat' dir='ltr'><strong>inulti</strong></span> 
     </span>
     <span class='ocr_line' id='line_1_19' title="bbox 131 1537 1554 1601; baseline 0 -15"><span class='ocrx_word' id='word_1_135' title='bbox 131 1537 348 1586; x_wconf 66' lang='lat' dir='ltr'><strong>animum</strong></span> <span class='ocrx_word' id='word_1_136' title='bbox 384 1537 646 1596; x_wconf 73' lang='lat' dir='ltr'><strong>amittatis,</strong></span> <span class='ocrx_word' id='word_1_137' title='bbox 680 1553 780 1585; x_wconf 87' lang='lat' dir='ltr'><strong>neu</strong></span> <span class='ocrx_word' id='word_1_138' title='bbox 819 1537 955 1601; x_wconf 82' lang='lat' dir='ltr'><strong>capti</strong></span> <span class='ocrx_word' id='word_1_139' title='bbox 989 1537 1157 1601; x_wconf 91' lang='lat' dir='ltr'><strong>potius</strong></span> <span class='ocrx_word' id='word_1_140' title='bbox 1193 1537 1343 1585; x_wconf 88' lang='lat' dir='ltr'><strong>sicuti</strong></span> <span class='ocrx_word' id='word_1_141' title='bbox 1374 1553 1554 1601; x_wconf 77' lang='lat' dir='ltr'><strong>pecora</strong></span> 
     </span>
     <span class='ocr_line' id='line_1_20' title="bbox 131 1617 1551 1682; baseline -0.001 -15"><span class='ocrx_word' id='word_1_142' title='bbox 131 1617 451 1667; x_wconf 77' lang='lat' dir='ltr'><strong>trucidemini</strong></span> <span class='ocrx_word' id='word_1_143' title='bbox 472 1634 624 1681; x_wconf 80' lang='lat' dir='ltr'><strong>quam</strong></span> <span class='ocrx_word' id='word_1_144' title='bbox 646 1618 867 1665; x_wconf 85' lang='lat' dir='ltr'><strong>virorum</strong></span> <span class='ocrx_word' id='word_1_145' title='bbox 902 1633 1039 1666; x_wconf 88' lang='lat' dir='ltr'><strong>more</strong></span> <span class='ocrx_word' id='word_1_146' title='bbox 1068 1623 1350 1682; x_wconf 80' lang='lat' dir='ltr'><strong>pugnantes</strong></span> <span class='ocrx_word' id='word_1_147' title='bbox 1377 1634 1551 1666; x_wconf 84' lang='lat' dir='ltr'><strong>cruen-</strong></span> 
     </span>
     <span class='ocr_line' id='line_1_21' title="bbox 131 1691 1552 1764; baseline -0.002 -15"><span class='ocrx_word' id='word_1_148' title='bbox 131 1704 236 1749; x_wconf 76' lang='lat' dir='ltr'><strong>tum</strong></span> <span class='ocrx_word' id='word_1_149' title='bbox 292 1704 445 1764; x_wconf 76' lang='lat' dir='ltr'><strong>atque</strong></span> <span class='ocrx_word' id='word_1_150' title='bbox 499 1691 779 1748; x_wconf 79' lang='lat' dir='ltr'><strong>luctuosam</strong></span> <span class='ocrx_word' id='word_1_151' title='bbox 828 1699 1091 1748; x_wconf 85' lang='lat' dir='ltr'><strong>victoriam</strong></span> <span class='ocrx_word' id='word_1_152' title='bbox 1135 1699 1362 1747; x_wconf 89' lang='lat' dir='ltr'><strong>hostibus</strong></span> <span class='ocrx_word' id='word_1_153' title='bbox 1406 1699 1552 1747; x_wconf 87' lang='lat' dir='ltr'><strong>relin-</strong></span> 
     </span>
     <span class='ocr_line' id='line_1_22' title="bbox 132 1782 334 1849; baseline -0.005 -16"><span class='ocrx_word' id='word_1_154' title='bbox 132 1782 334 1849; x_wconf 73' lang='lat' dir='ltr'><strong>quatis’.</strong></span> 
     </span>
    </p>

    <p class='ocr_par' dir='ltr' id='par_1_6' title="bbox 131 1864 1647 2257">
     <span class='ocr_line' id='line_1_23' title="bbox 233 1864 1647 1929; baseline -0.001 -15"><span class='ocrx_word' id='word_1_155' title='bbox 233 1866 378 1914; x_wconf 69' lang='lat' dir='ltr'><strong>Haec</strong></span> <span class='ocrx_word' id='word_1_156' title='bbox 422 1865 511 1913; x_wconf 89' lang='lat' dir='ltr'><strong>ubi</strong></span> <span class='ocrx_word' id='word_1_157' title='bbox 554 1865 702 1925; x_wconf 86' lang='lat' dir='ltr'><strong>dixit,</strong></span> <span class='ocrx_word' id='word_1_158' title='bbox 749 1864 1009 1929; x_wconf 74' lang='lat' dir='ltr'><strong>paululum</strong></span> <span class='ocrx_word' id='word_1_159' title='bbox 1050 1869 1366 1913; x_wconf 82' lang='lat' dir='ltr'><strong>conmoratus</strong></span> <span class='ocrx_word' id='word_1_160' title='bbox 1409 1864 1551 1929; x_wconf 86' lang='lat' dir='ltr'><strong>signa</strong></span> <span class='ocrx_word' id='word_1_161' title='bbox 1573 1866 1647 1925; x_wconf 83' lang='grc'><strong>59</strong></span> 
     </span>
     <span class='ocr_line' id='line_1_24' title="bbox 132 1945 1551 2011; baseline -0.003 -13"><span class='ocrx_word' id='word_1_162' title='bbox 132 1963 307 1998; x_wconf 67' lang='lat' dir='ltr'><strong>canere</strong></span> <span class='ocrx_word' id='word_1_163' title='bbox 346 1948 487 2010; x_wconf 81' lang='lat' dir='ltr'><strong>iubet</strong></span> <span class='ocrx_word' id='word_1_164' title='bbox 525 1953 675 2011; x_wconf 84' lang='lat' dir='ltr'><strong>atque</strong></span> <span class='ocrx_word' id='word_1_165' title='bbox 720 1948 992 1996; x_wconf 87' lang='lat' dir='ltr'><strong>instructos</strong></span> <span class='ocrx_word' id='word_1_166' title='bbox 1037 1946 1234 2011; x_wconf 81' lang='lat' dir='ltr'><strong>ordines</strong></span> <span class='ocrx_word' id='word_1_167' title='bbox 1286 1945 1342 1993; x_wconf 91' lang='lat' dir='ltr'><strong>in</strong></span> <span class='ocrx_word' id='word_1_168' title='bbox 1387 1945 1551 1994; x_wconf 91' lang='lat' dir='ltr'><strong>locum</strong></span> 
     </span>
     <span class='ocr_line' id='line_1_25' title="bbox 132 2027 1552 2095; baseline -0.001 -17"><span class='ocrx_word' id='word_1_169' title='bbox 132 2045 338 2095; x_wconf 66' lang='lat' dir='ltr'><strong>aequom</strong></span> <span class='ocrx_word' id='word_1_170' title='bbox 370 2029 583 2079; x_wconf 81' lang='lat' dir='ltr'><strong>deducit.</strong></span> <span class='ocrx_word' id='word_1_171' title='bbox 653 2029 771 2078; x_wconf 90' lang='lat' dir='ltr'><strong>dein</strong></span> <span class='ocrx_word' id='word_1_172' title='bbox 799 2029 1003 2078; x_wconf 86' lang='lat' dir='ltr'><strong>remotis</strong></span> <span class='ocrx_word' id='word_1_173' title='bbox 1026 2030 1248 2077; x_wconf 90' lang='lat' dir='ltr'><strong>omnium</strong></span> <span class='ocrx_word' id='word_1_174' title='bbox 1272 2027 1425 2092; x_wconf 86' lang='lat' dir='ltr'><strong>equis,</strong></span> <span class='ocrx_word' id='word_1_175' title='bbox 1453 2043 1552 2092; x_wconf 88' lang='lat' dir='ltr'><strong>quo</strong></span> 
     </span>
     <span class='ocr_line' id='line_1_26' title="bbox 131 2110 1547 2176; baseline -0.002 -16"><span class='ocrx_word' id='word_1_176' title='bbox 131 2111 377 2161; x_wconf 81' lang='lat' dir='ltr'><strong>militibus</strong></span> <span class='ocrx_word' id='word_1_177' title='bbox 412 2117 687 2175; x_wconf 71' lang='lat' dir='ltr'><strong>exaequato</strong></span> <span class='ocrx_word' id='word_1_178' title='bbox 709 2111 928 2176; x_wconf 89' lang='lat' dir='ltr'><strong>periculo</strong></span> <span class='ocrx_word' id='word_1_179' title='bbox 951 2110 1148 2159; x_wconf 81' lang='lat' dir='ltr'><strong>animus</strong></span> <span class='ocrx_word' id='word_1_180' title='bbox 1170 2110 1381 2174; x_wconf 84' lang='lat' dir='ltr'><strong>amplior</strong></span> <span class='ocrx_word' id='word_1_181' title='bbox 1401 2114 1547 2172; x_wconf 87' lang='lat' dir='ltr'><strong>esset,</strong></span> 
     </span>
     <span class='ocr_line' id='line_1_27' title="bbox 132 2189 1548 2257; baseline -0.002 -16"><span class='ocrx_word' id='word_1_182' title='bbox 132 2189 407 2257; x_wconf 78' lang='lat' dir='ltr'><strong>ipso-pedes</strong></span> <span class='ocrx_word' id='word_1_183' title='bbox 428 2192 702 2241; x_wconf 82' lang='lat' dir='ltr'><strong>exercitum</strong></span> <span class='ocrx_word' id='word_1_184' title='bbox 724 2208 815 2257; x_wconf 87' lang='lat' dir='ltr'><strong>pro</strong></span> <span class='ocrx_word' id='word_1_185' title='bbox 849 2192 955 2240; x_wconf 90' lang='lat' dir='ltr'><strong>loco</strong></span> <span class='ocrx_word' id='word_1_186' title='bbox 977 2196 1131 2256; x_wconf 81' lang='lat' dir='ltr'><strong>atque</strong></span> <span class='ocrx_word' id='word_1_187' title='bbox 1152 2191 1307 2256; x_wconf 88' lang='lat' dir='ltr'><strong>copiis</strong></span> <span class='ocrx_word' id='word_1_188' title='bbox 1329 2190 1548 2239; x_wconf 84' lang='lat' dir='ltr'><strong>instruit.</strong></span> 
     </span>
    </p>
   </div>
   <div class='ocr_carea' id='block_1_5' title="bbox 131 2271 1591 2621">
    <p class='ocr_par' dir='ltr' id='par_1_7' title="bbox 131 2271 1591 2621">
     <span class='ocr_line' id='line_1_28' title="bbox 131 2271 1591 2336; baseline -0.001 -16"><span class='ocrx_word' id='word_1_189' title='bbox 131 2286 248 2320; x_wconf 79' lang='lat' dir='ltr'><strong>mm</strong></span> <span class='ocrx_word' id='word_1_190' title='bbox 276 2272 356 2320; x_wconf 85' lang='lat' dir='ltr'><strong>uti</strong></span> <span class='ocrx_word' id='word_1_191' title='bbox 385 2271 617 2336; x_wconf 82' lang='lat' dir='ltr'><strong>planities</strong></span> <span class='ocrx_word' id='word_1_192' title='bbox 646 2277 756 2320; x_wconf 75' lang='lat' dir='ltr'><strong>erat</strong></span> <span class='ocrx_word' id='word_1_193' title='bbox 787 2272 799 2283; x_wconf 81' lang='lat'><strong>‘</strong></span> <span class='ocrx_word' id='word_1_194' title='bbox 891 2289 918 2320; x_wconf 90' lang='lat' dir='ltr'><strong>r</strong></span> <span class='ocrx_word' id='word_1_195' title='bbox 938 2272 1164 2322; x_wconf 83' lang='lat' dir='ltr'><strong>sinistros</strong></span> <span class='ocrx_word' id='word_1_196' title='bbox 1186 2271 1371 2319; x_wconf 87' lang='lat' dir='ltr'><strong>montis</strong></span> <span class='ocrx_word' id='word_1_197' title='bbox 1399 2276 1452 2319; x_wconf 91' lang='lat' dir='ltr'><strong>et</strong></span> <span class='ocrx_word' id='word_1_198' title='bbox 1486 2271 1551 2319; x_wconf 82' lang='lat' dir='ltr'><strong>ab</strong></span> <span class='ocrx_word' id='word_1_199' title='bbox 1571 2293 1591 2316; x_wconf 81' lang='lat'>2</span> 
     </span>
     <span class='ocr_line' id='line_1_29' title="bbox 133 2277 1550 2420; baseline -0.001 -18"><span class='ocrx_word' id='word_1_200' title='bbox 133 2352 339 2402; x_wconf 76' lang='lat' dir='ltr'><strong>dextera</strong></span> <span class='ocrx_word' id='word_1_201' title='bbox 374 2369 499 2418; x_wconf 88' lang='lat' dir='ltr'><strong>rupe</strong></span> <span class='ocrx_word' id='word_1_202' title='bbox 537 2277 890 2420; x_wconf 47' lang='grc' dir='ltr'><em>Μ</em></span> <span class='ocrx_word' id='word_1_203' title='bbox 900 2354 1119 2403; x_wconf 85' lang='lat' dir='ltr'><strong>cohortis</strong></span> <span class='ocrx_word' id='word_1_204' title='bbox 1155 2354 1211 2402; x_wconf 88' lang='lat' dir='ltr'><strong>in</strong></span> <span class='ocrx_word' id='word_1_205' title='bbox 1240 2353 1405 2402; x_wconf 83' lang='lat' dir='ltr'><strong>fronte</strong></span> <span class='ocrx_word' id='word_1_206' title='bbox 1435 2368 1550 2402; x_wconf 88' lang='lat' dir='ltr'><strong>con·</strong></span> 
     </span>
     <span class='ocr_line' id='line_1_30' title="bbox 214 2495 782 2551; baseline -0.002 -11"><span class='ocrx_word' id='word_1_207' title='bbox 214 2497 242 2540; x_wconf 83' lang='lat'><strong>1</strong></span> <span class='ocrx_word' id='word_1_208' title='bbox 293 2495 421 2538; x_wconf 77' lang='lat' dir='ltr'><strong>uobis</strong></span> <span class='ocrx_word' id='word_1_209' title='bbox 431 2497 549 2551; x_wconf 75' lang='lat' dir='ltr'><strong>pGV</strong></span> <span class='ocrx_word' id='word_1_210' title='bbox 560 2495 688 2538; x_wconf 81' lang='lat' dir='ltr'><strong>nobis</strong></span> <span class='ocrx_word' id='word_1_211' title='bbox 704 2497 782 2539; x_wconf 82' lang='lat' dir='ltr'><strong>Pc</strong></span> 
     </span>
     <span class='ocr_line' id='line_1_31' title="bbox 215 2563 1552 2621; baseline 0.001 -14"><span class='ocrx_word' id='word_1_212' title='bbox 215 2565 277 2608; x_wconf 59' lang='lat'><strong>1&amp;</strong></span> <span class='ocrx_word' id='word_1_213' title='bbox 319 2564 484 2607; x_wconf 73' lang='lat' dir='ltr'><strong>uirtute</strong></span> <span class='ocrx_word' id='word_1_214' title='bbox 498 2566 538 2607; x_wconf 66' lang='lat' dir='ltr'><strong>it</strong></span> <span class='ocrx_word' id='word_1_215' title='bbox 556 2567 765 2608; x_wconf 75' lang='lat' dir='ltr'><strong>corrected</strong></span> <span class='ocrx_word' id='word_1_216' title='bbox 797 2571 839 2608; x_wconf 80' lang='grc' dir='ltr'><strong><em>ω</em></strong></span> <span class='ocrx_word' id='word_1_217' title='bbox 863 2564 1020 2608; x_wconf 83' lang='lat' dir='ltr'><strong>uirtuti</strong></span> <span class='ocrx_word' id='word_1_218' title='bbox 1036 2566 1119 2607; x_wconf 84' lang='lat' dir='ltr'><strong>PV</strong></span> <span class='ocrx_word' id='word_1_219' title='bbox 1136 2564 1144 2621; x_wconf 86' lang='grc'>1</span> <span class='ocrx_word' id='word_1_220' title='bbox 1160 2565 1309 2607; x_wconf 79' lang='lat' dir='ltr'><strong>cauete</strong></span> <span class='ocrx_word' id='word_1_221' title='bbox 1325 2563 1457 2608; x_wconf 82' lang='lat' dir='ltr'><strong>inulti</strong></span> <span class='ocrx_word' id='word_1_222' title='bbox 1473 2565 1552 2608; x_wconf 80' lang='lat' dir='ltr'><strong>Po</strong></span> 
     </span>
    </p>
   </div>
   <div class='ocr_carea' id='block_1_6' title="bbox 133 2631 1550 2755">
    <p class='ocr_par' dir='ltr' id='par_1_8' title="bbox 133 2631 1550 2755">
     <span class='ocr_line' id='line_1_32' title="bbox 133 2631 599 2677; baseline -0.006 0"><span class='ocrx_word' id='word_1_223' title='bbox 133 2634 281 2677; x_wconf 62' lang='lat' dir='ltr'><strong>mae</strong></span> <span class='ocrx_word' id='word_1_224' title='bbox 297 2644 354 2675; x_wconf 80' lang='lat' dir='ltr'><strong>ne</strong></span> <span class='ocrx_word' id='word_1_225' title='bbox 370 2631 501 2675; x_wconf 75' lang='lat' dir='ltr'><strong>inulti</strong></span> <span class='ocrx_word' id='word_1_226' title='bbox 521 2634 599 2675; x_wconf 76' lang='lat' dir='ltr'><strong>GV</strong></span> 
     </span>
     <span class='ocr_line' id='line_1_33' title="bbox 215 2699 1550 2755; baseline -0.001 -10"><span class='ocrx_word' id='word_1_227' title='bbox 215 2701 269 2745; x_wconf 75' lang='lat'><strong>27</strong></span> <span class='ocrx_word' id='word_1_228' title='bbox 313 2699 488 2743; x_wconf 68' lang='lat' dir='ltr'><strong>dextera</strong></span> <span class='ocrx_word' id='word_1_229' title='bbox 505 2702 583 2744; x_wconf 81' lang='lat' dir='ltr'><strong>PG</strong></span> <span class='ocrx_word' id='word_1_230' title='bbox 599 2700 750 2743; x_wconf 72' lang='lat' dir='ltr'><strong>dextra</strong></span> <span class='ocrx_word' id='word_1_231' title='bbox 782 2702 1016 2755; x_wconf 55' lang='grc' dir='ltr'><strong>(ι’-τηρεε</strong></span> <span class='ocrx_word' id='word_1_232' title='bbox 1044 2701 1254 2743; x_wconf 77' lang='lat' dir='ltr'><strong>Merivale</strong></span> <span class='ocrx_word' id='word_1_233' title='bbox 1281 2701 1325 2744; x_wconf 81' lang='lat' dir='ltr'><strong>et</strong></span> <span class='ocrx_word' id='word_1_234' title='bbox 1353 2699 1550 2744; x_wconf 76' lang='lat' dir='ltr'><strong>dexteras</strong></span> 
     </span>
    </p>
   </div>
   <div class='ocr_carea' id='block_1_7' title="bbox 133 2770 783 2824">
    <p class='ocr_par' dir='ltr' id='par_1_9' title="bbox 133 2770 783 2824">
     <span class='ocr_line' id='line_1_34' title="bbox 133 2770 783 2824; baseline 0.002 -1"><span class='ocrx_word' id='word_1_235' title='bbox 133 2770 783 2824; x_wconf 59' lang='lat' dir='ltr'><strong>nonsummum-muer</strong></span> 
     </span>
    </p>
   </div>
   <div class='ocr_carea' id='block_1_8' title="bbox 0 620 82 1300">
    <p class='ocr_par' dir='ltr' id='par_1_10' title="bbox 0 620 82 1300">
     <span class='ocr_line' id='line_1_35' title="bbox 0 620 82 1300; baseline 0 1644"><span class='ocrx_word' id='word_1_236' title='bbox 0 620 82 1300; x_wconf 95' lang='lat' dir='ltr'><strong> </strong></span> 
     </span>
    </p>
   </div>
   <div class='ocr_carea' id='block_1_9' title="bbox 0 1516 78 2196">
    <p class='ocr_par' dir='ltr' id='par_1_11' title="bbox 0 1516 78 2196">
     <span class='ocr_line' id='line_1_36' title="bbox 0 1516 78 2196; baseline 0 748"><span class='ocrx_word' id='word_1_237' title='bbox 0 1516 78 2196; x_wconf 95' lang='lat' dir='ltr'><strong> </strong></span> 
     </span>
    </p>
   </div>
  </div>
 </body>
</html>
