1728 2944
141 91 212 151 12'
439 104 444 106 ’
483 102 537 153 0.
587 103 760 153 SALJ:
772 102 927 152 νει]
970 101 1215 153 CRISPJ
1397 101 1459 170 [c.
1490 103 1551 151 15

97 253 119 276 ι
139 231 364 275 catervas
400 227 628 277 habebat.
700 245 817 274 nam
858 229 1154 291 quicumque
1198 227 1462 291 inpudicus
1507 244 1554 275 a-

0 302 121 363 ab*
140 307 308 357 dulter
336 325 492 373 QG
527 309 658 355 bona
693 309 858 371 patria
884 310 1204 367 laceraverat,
1237 309 1419 371 quique
1443 308 1553 355 alie·

65 389 90 460 ‘2
139 406 262 438 num
308 407 391 438 aes
435 390 621 453 grande
667 391 984 451 conflaverat,
1031 407 1129 455 quo
1174 391 1422 452 flagitium
1468 394 1557 436 aut

101 493 123 526 3
142 459 336 520 facinus
372 461 657 532 redimeret,
711 477 933 521 raeterea
965 489 1133 521 omnes
1165 473 1384 535 undique
1406 471 1557 535 parri-

143 554 281 607 cidae
305 553 530 616 sacrilegi
553 554 771 601 convicti
801 554 999 602 iudiciis
1025 559 1114 601 aut
1145 571 1234 618 pro
1265 555 1413 602 factis
1435 555 1560 601 iudi-
1580 571 1598 602 5

143 629 274 686 cium
311 630 559 688 timentes,
599 629 662 676 ad
701 629 793 677 hoc
834 647 957 693 quos
992 647 1169 677 manus
1210 635 1360 694 atque
1390 632 1562 693 lingua

113 745 116 749 .
144 711 362 776 periurio
385 717 475 759 aut
497 713 737 776 sanguine
761 714 898 760 civili
921 714 1099 774 alebat,
1119 719 1369 776 postremo
1393 729 1562 761 omnes

146 809 268 857 quos
303 793 548 855 flagitium
575 798 767 857 egestas
790 796 1014 843 conscius
1037 796 1233 843 animus
1257 796 1561 858 exagitabat,

108 897 128 926 4
148 875 194 922 ei
218 874 463 923 Catilinae
494 876 726 939 proxumi
761 876 1128 939 familiaresque
1162 882 1316 925 erant.
1390 876 1566 940 quodsi

78 978 81 980 ·
149 955 260 1018 quis
296 955 447 1002 etiam
484 972 514 1002 a
551 956 698 1019 culpa
735 972 922 1004 vacuus
958 957 1014 1004 in
1053 957 1323 1012 amicitiam
1355 958 1462 1004 eius
1494 957 1565 1002 in·
1588 981 1629 1003 10

149 1037 351 1095 ciderat,
395 1037 645 1084 cotidiano
677 1054 772 1085 usu
808 1043 959 1101 atque
995 1023 1256 1086 inletiebris
1292 1038 1436 1086 facile
1475 1054 1566 1101 par

148 1118 420 1180 similisque
457 1118 633 1165 ceteris
673 1119 988 1167 efficiebatur.
1062 1120 1147 1166 sed
1184 1135 1416 1166 maxume
1450 1119 1567 1166 adu-

110 1219 130 1250 5
149 1199 440 1247 lcscentium
477 1199 846 1247 familiaritates
882 1200 1150 1263 adpetebat
1164 1218 1178 1261 3
1213 1216 1382 1247 eorum
1413 1200 1568 1247 animi

98 1310 101 1311 ν
151 1281 323 1328 molles
360 1284 411 1326 et
446 1279 572 1326 fluxi
609 1279 734 1327 dolis
770 1279 905 1327 haud
938 1280 1202 1327 difficulter
1230 1281 1570 1343 capiebantur,

112 1383 132 1415 6
152 1379 269 1409 nam
292 1366 351 1408 ut
375 1362 611 1424 cuiusque
636 1361 859 1408 studium
897 1377 961 1408 ex
991 1366 1156 1409 aetate
1179 1362 1431 1424 flagrabat,
1458 1362 1569 1409 aliis
1593 1381 1632 1414 ις

154 1447 316 1510 scorta
349 1443 586 1505 praebere
620 1442 732 1488 aliis
773 1457 919 1488 canes
959 1446 1111 1504 atque
1148 1458 1300 1504 equos
1343 1443 1567 1500 mercari,

153 1513 401 1588 postremo
425 1541 586 1587 neque
610 1524 833 1587 sumptui
854 1539 1015 1586 neque
1037 1520 1306 1571 modestiae
1324 1540 1441 1571 suae
1463 1539 1571 1587 par-

156 1623 279 1666 cere,
305 1606 424 1653 dum
447 1606 558 1652 illos
577 1605 815 1652 obnoxios
837 1604 1061 1667 fidosque
1084 1604 1180 1651 sibi
1202 1604 1401 1653 faceret.

66 1683 134 1741 15
257 1688 366 1735 Iam
391 1687 606 1750 primum
624 1687 911 1734 adulescens
937 1687 1153 1734 Catilina
1175 1686 1335 1733 multa
1356 1684 1574 1733 nefanda

157 1773 331 1831 stupra
362 1768 559 1827 fecerat,
599 1784 711 1815 cum
744 1767 935 1830 virgine
972 1767 1143 1826 nobili,
1177 1783 1287 1813 cum
1321 1766 1572 1814 sacerdote
1596 1787 1637 1809 20

117 1841 362 1908 iVestae,
391 1849 490 1896 alia
516 1849 854 1897 huiuscemodi
886 1852 1059 1896 contra
1095 1848 1174 1895 ius
1208 1847 1392 1911 fasque.
1464 1863 1571 1910 pos-

157 1935 318 1979 tremo
342 1933 515 1992 captus
538 1945 703 1976 amore
717 1929 956 1976 Aureliae
975 1927 1251 1986 Orestillae,
1278 1927 1418 1975 cuius
1440 1943 1576 1990 prae-

144 2003 237 2060 'ter
258 2011 469 2059 formam
500 2011 628 2057 nihil
650 2026 885 2073 umquam
916 2010 1075 2090 bonus
1098 2009 1336 2068 laudavit,
1362 2008 1494 2072 quod
1516 2024 1575 2056 ea

181 2172 184 2174 v
242 2155 269 2194 2
322 2165 459 2205 ganeo
473 2166 549 2194 om.
562 2153 600 2192 P
614 2152 701 2204 (but
713 2153 849 2192 added
861 2153 908 2192 in
921 2152 987 2192 the
1001 2152 1167 2201 margin
1179 2152 1230 2203 by
1236 2149 1284 2203 p)
1305 2149 1472 2190 adulter
1483 2149 1576 2191 alea

163 2222 314 2273 (ganeo
332 2223 457 2261 above
477 2222 544 2261 the
566 2222 663 2270 line)
682 2220 742 2260 P1
761 2221 846 2260 and
865 2220 958 2260 alea
975 2232 1149 2272 appears
1169 2221 1218 2260 in
1238 2220 1284 2261 0.
1343 2220 1468 2259 From
1486 2218 1577 2259 alea

160 2290 340 2329 Patsche
351 2289 608 2339 conjectured
623 2287 728 2334 aleo,
742 2289 827 2327 and
840 2288 1027 2339 Koechly
1040 2287 1202 2326 aleator
1218 2284 1296 2338 (cp.
1316 2286 1404 2325 Cic.
1417 2286 1466 2324 in
1483 2285 1575 2324 Cat.

163 2357 204 2396 2.
219 2357 285 2396 10.
298 2356 383 2409 23).
411 2353 639 2406 inpudicus
650 2365 786 2404 ganeo
801 2353 893 2393 aleo
914 2355 977 2406 (or
987 2353 1162 2403 aleator)
1183 2352 1576 2403 Wolfflin—adyhtly

245 2424 299 2464 14
352 2423 505 2464 molles
534 2425 578 2463 et
601 2421 707 2462 fluxi
729 2424 767 2462 is
790 2423 989 2462 Jordan’s
1014 2422 1257 2470 correction,
1282 2421 1503 2472 supported
1526 2421 1578 2471 by

164 2504 240 2533 one
275 2491 357 2531 MS
388 2492 487 2543 only
518 2488 670 2529 molles
700 2488 833 2529 etiam
862 2489 904 2529 et
936 2487 1043 2528 fluxi
1071 2488 1111 2528 P
1141 2487 1222 2541 (W.
1259 2488 1437 2536 Wayner
1471 2486 1580 2526 Wirz

165 2558 372 2608 Schmazz)
411 2557 562 2597 molles
590 2557 730 2597 aetate
757 2558 800 2595 et
829 2557 893 2606 (or
919 2557 962 2596 et
991 2556 1147 2606 aetate)
1180 2553 1286 2594 fluxi
1321 2553 1356 2593 Ο
1387 2551 1475 2605 (but
1512 2552 1579 2592 the

166 2627 306 2668 aetate
323 2626 482 2676 clearly
501 2636 628 2664 comes
638 2623 752 2674 from
771 2623 912 2673 below)

249 2692 300 2734 17
356 2692 535 2742 sumptu
570 2691 610 2731 P
646 2687 838 2742 sumptui
861 2701 901 2751 p
939 2690 1045 2740 (ace.
1080 2693 1121 2729 to
1157 2688 1281 2737 Wirz)
1317 2684 1327 2740 1
1360 2683 1580 2726 molestiae

167 2759 343 2810 Madviq
