1728 2944
180 90 248 137 14·
521 90 574 141 0.
626 90 967 141 SALLVSTI
1011 92 1256 142 ORISPI
1434 92 1584 161 [0.17
1638 59 1640 61 ’

177 212 320 275 cepit.
391 213 446 260 in
491 213 642 261 Italia
687 215 855 262 nullus
900 216 1161 276 exercitus,
1200 215 1287 263 Cn.
1326 216 1591 279 Pompeius

177 292 232 339 in
249 293 485 340 extremis
508 295 654 341 terris
677 295 860 341 bellum
885 297 1088 358 gerebat
1104 313 1118 356 3
1155 296 1251 358 ipsi
1281 298 1591 343 consulatum

177 375 371 435 petenti
412 390 589 436 magna
625 390 747 436 speS,
787 380 989 422 senatus
1026 376 1154 422 nihil
1191 392 1308 423 sane
1338 377 1591 424 intentus:

117 467 123 469 ⁴
178 458 318 500 tutae
348 454 745 516 tranquillaeque
775 470 854 501 res
885 471 1068 515 omnes,
1093 456 1179 503 sed
1204 472 1261 503 ea
1283 473 1482 519 prorsus
1513 474 1594 520 op-

178 540 394 597 portuna
419 534 677 581 Catilinae.
1616 554 1636 585 5

0 618 66 672 ³¹¹..)
88 615 156 673 17
281 615 447 677 Igitur
487 616 684 662 circiter
720 615 959 664 kalendas
996 616 1172 665 Iunias
1190 666 1192 669 ,
1211 617 1269 665 L.
1309 617 1516 665 Caesare
1544 623 1595 665 et

182 696 234 747 C.
263 698 440 759 Figulo
464 698 747 745 consulibus
770 699 930 761 primo
954 699 1173 761 singulos
1197 700 1457 762 appellare,
1483 700 1594 746 hor-

179 777 280 824 tari
304 778 425 825 alios
449 778 570 825 alios
594 783 839 841 temptare
858 796 872 839 3
902 796 1017 841 opes
1041 796 1167 838 suaS‚
1193 780 1470 842 inparatam
1493 796 1597 826 rem

179 859 443 921 publicam,
492 877 672 922 magna
721 861 940 923 praemia
997 862 1351 908 coniurationis
1408 861 1593 908 docere.

140 961 160 983 2
181 940 268 986 ubi
305 941 427 987 satis
458 941 714 1003 explorata
745 947 864 988 sunt
894 957 1020 1004 quae
1042 941 1218 1000 voluit,
1243 942 1298 988 in
1322 959 1476 988 unum
1500 959 1598 989 om-
1621 965 1661 987 10

180 1020 259 1066 nis
284 1026 522 1067 convocat
546 1021 725 1083 quibus
750 1038 983 1067 maxuma
1005 1022 1315 1068 necessitudo
1347 1027 1398 1068 et
1431 1023 1598 1084 pluru-

141 1119 160 1149 3
182 1117 318 1147 mum
336 1101 569 1148 audaciae
584 1102 757 1148 inerat.
797 1118 854 1148 eo
870 1118 1141 1164 convenere
1159 1103 1394 1149 senatorii
1411 1103 1598 1149 ordinis

182 1181 239 1231 P.
267 1181 511 1228 Lentulus
535 1181 674 1240 Sura,
702 1182 759 1230 P.
786 1182 1082 1242 Autronius,
1116 1182 1171 1231 L.
1200 1182 1398 1229 Cassius
1422 1183 1600 1245 Longi-

181 1279 291 1322 nus,
332 1261 384 1310 C.
430 1261 690 1324 Cethegus,
730 1262 783 1309 P.
822 1267 873 1308 et
914 1262 1013 1309 Ser.
1056 1262 1221 1309 Sullae
1259 1263 1358 1311 Ser.
1394 1263 1500 1322 filii,
1539 1262 1594 1309 L.

182 1344 538 1412 Vargunteius,
585 1345 642 1402 Q.
686 1344 903 1402 Annius,
948 1344 1019 1391 M.
1065 1344 1271 1390 Porcius
1318 1344 1488 1404 Laeca,
1539 1343 1594 1392 L.
1624 1367 1662 1397 15

141 1444 161 1473 4
185 1426 364 1495 Q
416 1424 698 1485 Q-Qurius
714 1442 727 1484 3
762 1429 1016 1487 praeterea
1062 1440 1126 1470 ex
1170 1424 1387 1486 equestri
1427 1424 1599 1471 ordine

184 1506 255 1554 M.
306 1506 515 1552 Fulvius
560 1505 804 1563 Nobilior,
853 1505 908 1552 L.
960 1504 1204 1562 Statilius,
1251 1504 1314 1553 P.
1357 1504 1600 1552 Gabinius

186 1587 378 1650 Capito,
402 1588 453 1634 C.
483 1586 740 1634 Cornelius
763 1604 776 1646 ;
812 1586 876 1633 ad
907 1588 997 1633 hoc
1033 1586 1183 1633 multi
1209 1602 1273 1633 ex
1309 1587 1513 1634 coloniis
1549 1592 1602 1634 et

144 1684 163 1715 5
186 1668 481 1731 municipiis,
509 1667 643 1714 domi
665 1668 868 1714 nobiles.
907 1671 1051 1713 erant
1067 1671 1321 1730 praeterea
1344 1667 1603 1729 conplures

183 1750 332 1813 paulo
369 1749 612 1797 occultius
653 1749 826 1796 consili
861 1749 1065 1796 huiusce
1101 1748 1368 1812 participes
1396 1749 1600 1807 nobileS,
1623 1777 1666 1800 20

185 1846 308 1893 quos
338 1829 495 1892 magis
518 1829 871 1876 dominationis
895 1845 1004 1892 spes
1028 1829 1322 1876 hortabatur
1344 1846 1493 1892 quam
1526 1830 1598 1876 in-

143 1924 165 1957 6
185 1912 299 1975 opia
321 1917 411 1958 aut
433 1912 531 1958 alia
552 1911 878 1959 necessitudo.
949 1915 1165 1958 ceterum
1190 1910 1426 1957 iuventus
1447 1911 1604 1973 plera-

186 2009 295 2055 que,
321 1992 404 2039 sed
426 2008 656 2064 maxume
679 1992 936 2051 nobilium,
963 1990 1208 2038 Catilinae
1223 1991 1442 2053 inceptis
1471 1991 1604 2062 fave-

185 2074 286 2134 bat,
314 2073 493 2136 quibus
516 2073 570 2119 in
594 2073 699 2120 otio
721 2073 802 2120 vel
820 2073 1078 2135 magnifice
1101 2074 1181 2120 vel
1204 2073 1421 2120 molliter
1437 2073 1604 2120 vivere

186 2154 327 2216 copia
363 2158 483 2212 erat,
518 2153 710 2219 incerta
739 2169 830 2216 pro
858 2154 1018 2213 certis,
1045 2153 1232 2200 bellum
1263 2170 1410 2216 quam
1435 2170 1604 2216 pacem
1626 2179 1664 2209 25
1725 2208 1728 2212 Α

145 2257 167 2290 7
188 2236 450 2282 malebant.
511 2235 651 2282 fuere
687 2235 809 2282 item
842 2251 900 2281 ea
922 2221 1217 2297 tempestate
1241 2235 1327 2297 qui
1351 2235 1607 2282 crederent

187 2315 259 2363 M.
303 2315 552 2363 Licinium
599 2315 831 2367 Crassum
876 2331 978 2362 non
1017 2315 1245 2377 ignarum
1292 2315 1398 2362 eius
1434 2316 1607 2363 consili

187 2397 374 2444 fuisse:
409 2397 527 2460 quia
565 2397 654 2446 Cn.
696 2397 966 2459 Pompeius
1006 2396 1199 2454 invisus
1238 2396 1335 2458 ipsi
1375 2383 1607 2459 magnum

188 2478 461 2526 exercitum
501 2477 753 2537 ductabat,
788 2476 1007 2524 cuiusvis
1040 2491 1157 2539 opes
1191 2475 1413 2547 onssc
1436 2481 1608 2523 contra

1205 2564 1248 2583 J
1316 2583 1323 2589 ,,

270 2675 297 2714 3
350 2672 524 2724 petendi
540 2673 580 2712 P
596 2670 771 2722 petendi
788 2684 835 2713 or
851 2670 1016 2723 petenti
1038 2671 1072 2712 G
1093 2669 1271 2724 (petenti
1284 2670 1355 2724 ΡΙ)

269 2741 323 2780 22
379 2740 465 2781 alia
483 2740 559 2780 ΡΟ
577 2739 720 2789 aliqua
742 2740 777 2779 0
