1728 2944
167 112 229 160 52
516 110 569 162 O.
606 111 774 162 SALL
788 111 943 162 VSTI
985 111 1228 162 GRISPI
1423 109 1481 178 [c.
1509 113 1573 160 52

104 247 144 280 28
164 234 282 295 rint,
306 235 360 282 in
383 235 630 282 miseriam
654 238 925 282 convortat.
981 234 1166 281 scilicet
1183 249 1260 280 res
1277 233 1385 296 ipsa
1401 250 1575 296 aspera

165 321 254 378 est,
284 317 369 364 sed.
391 333 480 364 vos
503 333 604 363 non
625 315 816 363 timetis
839 331 957 364 eam.
1013 316 1164 362 immo
1186 331 1304 362 vero
1327 331 1569 363 maxume.

110 430 130 434 —v
165 397 250 444 sed.
271 398 453 455 inertia
475 402 527 444 et
548 397 758 443 mollitia
791 397 946 461 animi
975 397 1102 444 alius
1132 396 1286 443 alium
1317 401 1576 461 expectan-

164 482 241 525 tes
281 476 598 535 cunctamini,
630 476 863 523 videlicet
898 467 976 523 dis
978 467 1356 523 ffitalibus
1392 477 1574 535 confisi,

165 559 252 620 qui
267 534 798 619 ffiblicam
822 572 966 618 saepe
988 556 1042 602 in
1073 555 1317 602 maxumis
1346 556 1576 618 periculis
1599 571 1618 602 5

104 662 148 695 29
167 654 435 686 servavere.
508 654 610 684 non
636 638 766 685 votis
797 653 957 700 neque
981 637 1233 700 suppliciis
1255 637 1578 683 muliebribus

165 721 355 768 auxilia
391 720 593 766 deorum
632 723 901 782 parantur:
941 719 1192 781 vigilando
1225 718 1420 780 agundo
1452 719 1578 764 bene

167 800 473 848 consulundo
494 816 727 864 prospera
749 802 915 848 omnia
946 801 1141 848 cedunt.
1213 801 1300 847 ubi
1330 799 1578 847 socordiae

165 885 219 929 te
255 887 404 944 atque
443 881 669 944 ignaviae
707 883 985 941 tradideris,
1020 882 1318 945 nequiquam
1358 882 1473 928 deos
1508 881 1580 926 in·

105 993 149 1025 30
167 964 328 1027 plores
348 982 357 1012 :
391 964 510 1010 irati
531 963 798 1027 infestique
821 969 951 1012 sunt.
1007 964 1139 1026 apud
1162 963 1368 1010 maiores
1385 965 1578 1009 nostros
1600 979 1641 1001 10

166 1044 234 1091 A.
274 1043 495 1091 Manlius
529 1043 807 1107 Torquatus
838 1045 969 1091 bello
1004 1044 1194 1091 Gallico
1226 1043 1385 1090 filium
1419 1059 1578 1101 suum,

169 1124 300 1188 quod
337 1124 380 1171 is
421 1128 594 1171 contra
628 1124 891 1187 imperium
931 1125 986 1171 in
1024 1124 1216 1170 hostem
1255 1126 1579 1186 pugnaverat,

107 1227 147 1258 31
169 1204 336 1252 necari
358 1204 518 1263 iussit,
535 1207 683 1266 atque
705 1204 790 1251 ille
814 1204 1036 1266 egregius
1059 1203 1344 1250 adulescens
1367 1203 1581 1250 inmode-

169 1289 308 1332 ratae
329 1283 639 1331 fortitudinis
661 1288 820 1331 morte
842 1299 1022 1346 poenas
1046 1283 1193 1331 dedit.
1267 1299 1356 1330 vos
1387 1283 1448 1330 de
1478 1299 1581 1330 cru-

170 1365 448 1413 delissumis
491 1365 750 1428 parricidis
794 1365 914 1429 quid
959 1365 1194 1412 statuatis
1249 1365 1582 1412 cunctamini?
1603 1385 1642 1416 15

109 1469 150 1500 32
170 1447 402 1495 videlicet
446 1451 610 1494 cetera
654 1447 761 1494 vita
807 1463 976 1495 eorum
1021 1447 1138 1494 huic
1184 1446 1356 1494 sceleri
1401 1447 1577 1494 obstat.

109 1549 150 1580 33
171 1545 345 1576 verum
367 1529 554 1591 parcite
577 1528 814 1591 dignitati
844 1528 1060 1587 Lentuli,
1088 1528 1130 1575 si
1161 1528 1265 1591 ipse
1299 1528 1582 1591 pudicitiae,

171 1609 216 1657 si
248 1609 411 1656 famae
445 1624 575 1667 suae,
600 1609 644 1655 si
675 1609 751 1655 dis
778 1613 867 1655 aut
896 1608 1179 1656 hominibus
1210 1625 1446 1671 umquam
1470 1609 1585 1657 ullis

170 1689 402 1752 pepercit.
490 1688 729 1751 ignoscite
788 1687 999 1757 Cethegi
1050 1688 1428 1748 adulescentiae,
1486 1689 1585 1736 nisi

110 1783 151 1814 34
171 1771 355 1818 iterum
399 1770 590 1833 patriae
634 1770 820 1817 bellum
865 1770 997 1820 fecit.
1070 1786 1185 1817 nam
1231 1771 1351 1833 quid
1396 1787 1484 1834 ego
1524 1771 1583 1818 de
1604 1793 1646 1822 29
1723 1759 1728 1838 ᾗ

173 1850 387 1899 Gabinio
418 1850 618 1897 Statilio
654 1849 892 1913 Caepario
925 1850 1129 1913 loquar?
1164 1851 1345 1914 quibus
1378 1851 1422 1897 si
1454 1851 1586 1914 quic-

173 1949 321 1996 quam
343 1948 579 1994 umquam
601 1931 743 1994 pensi
769 1931 960 1990 fuisset,
985 1948 1086 1979 non
1117 1948 1173 1979 ea
1205 1932 1407 1979 consilia
1440 1932 1502 1979 de
1531 1948 1586 1980 re

109 2028 152 2061 35
171 2012 372 2076 publica
393 2011 694 2059 habuissent.
766 2016 1027 2074 postremo,
1050 2017 1216 2074 patres
1239 2012 1516 2075 conscripti,
1542 2013 1585 2060 si

172 2093 450 2141 mehercule
493 2097 695 2155 peccato
730 2092 865 2139 locus
902 2099 1043 2151 esset,
1079 2093 1225 2140 facile
1259 2096 1457 2156 paterer
1495 2109 1584 2142 vos

172 2174 282 2237 ipsa
316 2189 371 2220 re
411 2172 605 2234 corrigi,
640 2173 872 2234 quoniam
909 2173 1061 2219 verba
1096 2173 1425 2223 contemnitis.
1496 2174 1582 2222 sed
1601 2198 1643 2230 25

256 2336 282 2377 6
335 2345 474 2384 neque
495 2334 574 2374 C'V
587 2335 715 2384 atque
737 2333 771 2374 C'
789 2335 917 2384 atque
935 2335 974 2374 is
993 2335 1150 2386 altered
1169 2339 1209 2374 to
1227 2345 1365 2385 neque
1382 2336 1422 2375 P

256 2406 283 2444 8
335 2414 537 2454 prospera
551 2401 697 2441 omnia
711 2403 750 2441 P
767 2414 965 2453 prospere
977 2401 1121 2442 omnia
1134 2403 1241 2444 P1V
1251 2404 1419 2445 Servius
1436 2404 1584 2456 (Wirz)

257 2471 309 2510 11
364 2460 854 2518 aulusPAVtorgz

258 2539 309 2580 17
364 2548 517 2577 uerum
538 2537 572 2576 G
588 2547 692 2576 uero
709 2536 831 2576 PGV

259 2606 312 2645 18
365 2606 441 2644 aut
458 2605 535 2644 PG
551 2605 680 2654 atque
693 2616 725 2655 p
738 2603 800 2655 (in
816 2605 994 2658 marqin)
1025 2606 1059 2645 C'
1064 2606 1103 2646 V

257 2673 311 2712 20
364 2671 522 2712 iterum
532 2671 814 2725 PGViterum
826 2671 915 2711 iam
930 2674 964 2713 G'

258 2740 310 2780 21
366 2739 527 2781 statilio
545 2739 716 2792 gabinio
739 2742 778 2782 V
794 2740 952 2795 (Voyel)
