1728 2944
103 185 143 221 ο.
171 167 259 238 51]
444 134 745 219 ΒΕιι-,ῨΜ
785 167 1193 219 CATILINAE.
1462 169 1527 217 45

24 341 26 346 ,
100 292 307 350 Q
328 307 498 339 eorum
520 307 665 355 pares
687 295 829 340 sunt:
858 292 945 355 qui
966 308 1147 356 magno
1162 290 1370 355 imperio
1392 306 1529 354 prae-

6 355 33 429 {ss
103 372 200 422 diti
231 373 287 420 in
316 373 510 420 excelso
540 378 756 421 aetatem
788 378 959 436 agunt,
993 389 1163 422 eorum
1194 372 1331 420 facta
1360 372 1529 420 cuncti

8 439 29 507 f,
101 452 336 501 mortales
355 469 549 501 novere.
620 453 696 500 ita
724 452 780 500 in
809 469 1046 500 maxuma
1071 453 1277 501 fortuna
1304 452 1529 500 minuma
1553 473 1568 495 ι

6 531 29 568 ³¹
101 532 307 581 licentia
319 538 410 583 est.
451 550 613 598 neque
626 534 827 582 studere
840 550 1001 598 neque
1015 535 1191 593 odisse,
1206 533 1294 583 sed
1306 533 1528 581 minume

59 629 75 653 t
101 614 250 663 irasci
272 615 427 664 decet.
500 632 626 680 quae
649 616 783 680 apud
810 616 935 664 alios
964 614 1224 664 iracundia
1246 615 1445 676 dicitur,
1469 631 1528 663 ea
1551 638 1566 660 ι

8 687 30 766 ¹⁹2,
100 696 159 746 in
200 697 409 760 imperio
453 697 685 760 superbia
729 701 879 760 atque
920 696 1189 744 crudelitas
1228 696 1521 760 appellatur.

23 758 29 777 ⁵
102 777 330 842 equidem
361 794 452 842 ego
482 779 553 826 sic
576 778 840 837 existumo,
863 782 1032 842 patres
1060 778 1340 841 conscripti,
1367 777 1527 826 omnis
1551 796 1567 818 π

102 858 352 907 cruciatus
374 859 590 906 minores
613 875 762 922 quam
785 857 1008 906 facinora
1029 857 1228 906 illorum
1252 874 1368 906 esse.
1441 857 1528 906 sed

101 939 324 1004 plerique
340 940 573 988 mortales
594 945 846 1004 postrema
866 942 1146 1000 meminere,
1167 944 1221 988 et
1243 940 1298 987 in
1320 939 1528 987 homini-

65 1023 69 1026 ⁴
102 1021 197 1069 bus
224 1021 377 1084 inpiis
405 1021 600 1069 sceleris
629 1036 801 1068 eorum
824 1020 971 1068 obliti
992 1019 1055 1068 de
1076 1035 1237 1084 poena
1259 1019 1524 1080 disserunt,

101 1102 148 1151 si
166 1117 228 1151 ea
247 1101 398 1166 paulo
419 1102 613 1150 saevior
634 1102 748 1152 fuit.
814 1102 879 1150 D.
907 1102 1132 1151 Silanum
1155 1102 1320 1150 virum
1342 1101 1524 1149 fortem
1548 1126 1561 1147 1

100 1187 253 1247 atque
285 1187 544 1230 strenuum
578 1188 713 1230 certo
745 1182 848 1231 scio
877 1198 1006 1247 quae
1035 1183 1223 1231 dixerit
1251 1183 1419 1231 studio
1451 1174 1527 1231 rei

98 1262 329 1328 publicae
345 1262 530 1310 dixisse
545 1278 706 1326 neque
721 1262 866 1310 illum
889 1263 945 1310 in
965 1267 1112 1311 tanta
1133 1279 1188 1311 re
1207 1263 1419 1327 gratiam
1437 1269 1528 1311 aut

99 1341 391 1410 inimicitias
411 1358 669 1391 exercere:
704 1359 787 1391 eos
812 1358 974 1391 mores
996 1359 1203 1408 eamque
1233 1344 1526 1392 modestiam

102 1424 201 1473 viri
221 1425 443 1488 cognovi.
512 1441 688 1473 verum
718 1425 970 1473 sententia
998 1426 1106 1473 eius
1135 1425 1260 1473 mihi
1289 1442 1391 1474 non
1421 1442 1527 1474 cru-
1550 1452 1564 1473 1

101 1505 416 1570 delis-—quid
460 1506 595 1554 enim
637 1506 695 1554 in
743 1506 861 1553 talis
905 1505 1131 1554 homines
1175 1506 1373 1554 crudele
1416 1506 1527 1554 fieri

100 1588 452 1654 potesti--sed
496 1588 661 1636 aliena
697 1604 730 1636 a
764 1605 819 1636 re
857 1588 1059 1652 publica
1095 1593 1268 1636 nostra
1306 1588 1522 1637 videtur.

16 1727 18 1729 ¹
101 1683 217 1718 nnn
262 1668 487 1732 profecto
525 1673 616 1717 aut
658 1673 824 1717 metus
861 1673 954 1717 aut
996 1668 1183 1716 iniuria
1219 1672 1274 1717 te
1313 1669 1525 1734 subegit,
1549 1695 1565 1717 ι

16 1803 19 1805 Α
103 1747 285 1810 Silene,
314 1749 566 1798 consulem
596 1748 912 1813 designatum
942 1765 1098 1813 genus
1126 1765 1315 1813 poenae
1343 1766 1526 1799 novom

21 1859 45 1866 *v
102 1828 376 1880 decernere.
425 1830 488 1879 de
509 1830 690 1880 timore
707 1847 1160 1895 supervacuaneum
1178 1836 1256 1880 est
1271 1831 1524 1893 disserere,
1549 1857 1566 1880 ι

44 1926 47 1932 ’
101 1926 215 1969 enm
248 1913 540 1977 praesertim
574 1913 835 1978 diligentia
867 1913 1144 1962 clarissumi
1179 1914 1277 1961 viri
1311 1914 1528 1963 consulis

20 2036 22 2038 v
98 1996 249 2047 anta
281 1995 530 2059 praesidis
566 1996 672 2044 sint
705 1996 762 2044 in
796 1996 961 2044 armis.
1033 1995 1095 2044 de
1130 2012 1291 2060 poena
1324 2011 1526 2060 possum
1548 2022 1592 2045 20

19 2084 22 2090 ’
46 2109 52 2122 .
101 2075 331 2140 equidem
363 2075 527 2124 dicere
559 2075 614 2124 id
647 2076 780 2140 quod
812 2092 892 2125 res
924 2075 1092 2135 habet,
1120 2076 1176 2124 in
1205 2075 1347 2124 luctu
1375 2080 1528 2140 atque

19 2133 54 2229 2
101 2154 315 2205 miseriis
342 2162 553 2204 mortem
582 2172 934 2205 aerumnarum
961 2155 1182 2220 requiem
1212 2172 1316 2205 non
1344 2157 1529 2206 crucia-

47 2242 53 2247 ’
103 2238 214 2285 tum
245 2251 366 2297 esse,
390 2252 501 2285 eam
534 2241 718 2285 cuncta
749 2236 1036 2285 mortalium
1075 2236 1208 2285 mala
1240 2237 1524 2299 dissolvere,

19 2374 21 2378 Α
88 2352 91 2357 «
123 2344 125 2349 v
173 2339 185 2353 ·
268 2332 429 2381 neque
458 2333 605 2366 curae
634 2333 794 2381 neque
826 2317 1009 2381 gaudio
1038 2317 1203 2366 locum
1231 2333 1350 2368 esse.
1421 2317 1525 2379 sed,
1547 2340 1587 2364 ,ι

100 2409 195 2474 15oe
224 2396 342 2447 deos
373 2397 669 2459 inmortaIiS,
703 2415 853 2463 quam
889 2400 953 2448 ob
985 2415 1091 2448 rem
1130 2399 1187 2448 in
1226 2400 1525 2448 sententiam

125 2571 130 2579 .
184 2537 213 2581 1
266 2549 416 2581 eorum
432 2551 512 2582 on.
530 2541 682 2582 Kome

185 2605 238 2648 u
293 2606 437 2649 senior
451 2608 529 2650 Po
545 2608 735 2650 seuerior
750 2609 984 2652 FGV—eo
1002 2616 1106 2652 mont
1124 2611 1280 2652 editors

123 2681 137 2714 t
159 2698 162 2701 >
184 2674 243 2718 ω
293 2686 689 2728 mperuseunneum
706 2678 826 2721 1²0?
841 2690 1211 2732 superuacaneum
1215 2690 1250 2732 p
1264 2679 1330 2733 (in
1342 2679 1524 2734 mov-qiu)

130 2779 135 2785 .
185 2742 242 2785 22
294 2742 344 2786 in
360 2744 496 2786 amis
511 2744 604 2788 nint
625 2746 667 2788 V

184 2810 242 2856 n
294 2811 559 2855 numum
578 2812 655 2856 Po
671 2813 888 2857 sententis
905 2813 1046 2857 1²¹0?

1391 2856 1428 2882 s
