1728 2944
190 102 220 149 4
532 103 586 155 0.
635 104 715 154 ‚st
723 105 810 153 Μ
821 106 978 156 VSTJ
1021 103 1266 156 CRISP!
1478 105 1558 174 [a.
1572 107 1612 156 ιι
1641 0 1728 177 1

189 224 338 284 atque
358 221 591 284 Qliss
614 225 862 286 requievit
885 230 935 273 et
961 225 1086 272 mihi
1115 226 1355 288 reliquam
1390 231 1604 274 aetatem

190 319 219 350 a
263 319 317 350 re
357 304 556 366 publica
595 307 767 367 procul
806 307 1084 354 habendam
1124 308 1335 367 decrevi,
1371 325 1472 355 non
1505 308 1607 355 fuit

192 384 449 431 consilium
495 386 716 433 socordia
761 391 911 450 atque
965 388 1151 435 desidia
1207 389 1393 435 bonum
1449 377 1607 436 otium

193 469 459 524 conterere,
483 482 642 528 neque
674 483 791 514 vero
822 484 994 530 agrum
1030 468 1240 515 colundo
1269 474 1357 515 aut
1380 469 1607 516 venando

154 569 175 591 2
194 546 454 592 servilibus
494 546 665 594 officiis
705 547 957 594 intentum
994 553 1209 596 aetatem
1245 566 1417 612 agere3
1460 550 1545 597 sed
1579 567 1609 597 a
1631 566 1651 596 s

194 641 291 687 quo
314 625 511 688 incepto
534 626 795 690 studioque
819 625 897 675 me
921 629 1126 676 ambitio
1149 630 1279 676 mala
1311 617 1607 690 detinuerat,

195 705 364 752 eodem
404 722 652 769 regressus
689 707 845 754 statui
881 724 959 755 res
993 713 1155 771 gestas
1189 710 1360 773 populi
1395 711 1611 758 Romani

196 786 420 848 carptim,
463 791 523 834 ut
561 804 783 851 quaeque
822 790 1057 836 memoria
1104 790 1255 852 digna
1295 791 1608 851 videbantur,

197 867 495 929 perscribere
511 884 527 928 ,-
565 885 622 916 eo
645 870 815 932 magis,
842 872 973 934 quod
995 871 1118 918 mihi
1141 888 1171 918 a
1202 889 1301 935 spe,
1327 878 1478 932 metu,
1504 890 1612 936 par-

162 970 182 1002 3
197 948 331 995 tibus
376 949 450 996 rei
496 951 719 1013 publicae
765 953 958 1001 animus
1003 955 1129 1001 liber
1169 959 1286 1002 erat.
1359 955 1515 1018 igitur
1551 955 1611 1003 de
1637 973 1677 1006 1.-

199 1030 444 1078 Oatilinae
467 1032 806 1080 coniuratione
830 1050 977 1096 quam
1001 1035 1271 1082 verissume
1294 1040 1466 1097 potero
1496 1052 1613 1098 pau·
1722 1026 1724 1030 ’

161 1131 182 1162 4
200 1110 270 1157 cis
292 1111 542 1158 absolvam
562 1129 571 1159 :
607 1129 721 1159 nam
745 1113 797 1160 id
822 1114 1015 1162 facinus
1038 1115 1093 1161 in
1115 1116 1288 1178 primis
1317 1132 1406 1178 ego
1437 1132 1613 1163 memo-

161 1215 180 1246 5
199 1193 353 1239 rabile
370 1193 617 1242 existumo
641 1196 836 1243 sceleris
860 1201 1009 1259 atque
1032 1198 1239 1260 periculi
1262 1198 1498 1245 novitate.
1554 1198 1614 1245 de

200 1273 340 1320 cuius
358 1273 571 1322 hominis
588 1276 807 1323 moribus
824 1293 981 1339 pauca
994 1277 1132 1340 prius
1150 1278 1461 1341 explananda
1479 1283 1612 1337 sunt,

200 1372 349 1418 quam
372 1355 574 1403 initium
597 1356 835 1403 narrandi
857 1356 1048 1405 faciam.
1639 1380 1678 1412 15

302 1437 368 1484 L.·
395 1437 624 1496 Catilina,
649 1437 806 1484 nobili
835 1454 1011 1500 genere
1042 1443 1207 1498 natus,
1233 1439 1332 1487 fuit
1363 1457 1540 1503 magna
1563 1441 1616 1487 vi

201 1523 254 1566 et
289 1518 443 1565 animi
482 1523 535 1566 et
573 1520 788 1582 corporis
825 1520 910 1566 sed
949 1520 1147 1582 ingenio
1186 1522 1316 1568 malo
1349 1538 1612 1585 pravoque.

164 1621 182 1642 2
201 1598 318 1646 huic
341 1599 403 1646 ab
427 1598 762 1646 adulescentia
778 1600 908 1646 bella
925 1600 1176 1662 intestina,
1197 1602 1381 1662 caedes,
1397 1603 1614 1665 rapinae,

202 1681 447 1728 discordia
492 1681 654 1728 civilis
698 1687 841 1744 grata
886 1682 1040 1742 fuere,
1090 1682 1257 1769 ibique
1302 1684 1616 1732 iuventutem
1726 1742 1728 1749 Α

162 1783 184 1825 3
204 1778 344 1809 suam
374 1762 610 1809 exercuit.
682 1778 857 1825 corpus
881 1762 1075 1825 patiens
1097 1732 1317 1823 ifiedia&
1330 1765 1524 1828 algoris,
1549 1767 1618 1813 vi-
1640 1791 1688 1813 a·
1726 1759 1728 1804 ἶ

165 1864 184 1894 4
202 1843 349 1906 giliae
383 1858 534 1904 supra
568 1858 717 1904 quam
748 1843 977 1905 cuiquam
1009 1843 1241 1891 credibile
1266 1850 1352 1894 est.
1423 1846 1619 1894 animus
1726 1829 1728 1862 ¹

204 1924 370 1972 audax
404 1924 640 1971 subdolus
674 1912 858 1984 varius,
896 1925 1037 1972 cuius
1071 1925 1144 1972 rei
1178 1926 1319 1973 lubet
1359 1927 1619 1975 simulator

204 2022 261 2056 ac
295 2004 645 2062 dissimulator,
678 2004 829 2051 alieni
863 2005 1113 2067 adpetens,
1150 2005 1229 2052 sui
1261 2006 1508 2069 profusus,
1545 2007 1620 2055 ar'-

205 2086 326 2134 dens
348 2087 403 2133 in
426 2086 811 2153 cupiditatibus:
848 2087 970 2133 satis
995 2087 1320 2150 eloquentiae,
1346 2090 1619 2152 sapientiae

168 2191 186 2222 5
205 2185 392 2231 parum.
465 2173 637 2215 vastus
683 2169 878 2215 animus
924 2169 1246 2229 inmoderata,
1294 2170 1617 2231 incredibilia,
1643 2199 1683 2230 25
1724 2158 1725 2162 Ἰ

169 2267 188 2298 6
206 2250 354 2297 nimis
377 2249 478 2296 alta
501 2266 692 2312 semper
715 2251 958 2313 cupiebat.
1031 2250 1163 2298 hunc
1186 2255 1301 2314 post
1332 2251 1622 2299 dominatio-
1724 2237 1728 2261 ¹

205 2347 320 2378 nem
355 2331 411 2378 L.
451 2331 616 2379 Sullae
647 2332 817 2379 lubido
840 2345 1075 2379 maxuma
1096 2333 1349 2380 invaserat
1370 2333 1444 2380 rei
1465 2334 1622 2396 publi-

208 2429 292 2460 cae
316 2413 602 2476 capiundae,
627 2429 786 2477 neque
809 2414 862 2461 id
885 2414 1063 2476 quibus
1080 2413 1239 2461 modis
1253 2414 1623 2477 adsequeretur,

146 1444 180 1500 Οἵ

288 2605 341 2643 22
397 2604 517 2645 cuius
534 2581 599 2644 rei
615 2580 719 2644 libet
737 2604 814 2644 PG
830 2605 994 2644 Nonius
1012 2602 1133 2644 cuius
1152 2602 1258 2643 libet
1276 2603 1338 2644 rei
1357 2604 1394 2645 0
1619 2646 1628 2649 ,

216 2699 226 2720 -,
272 2672 343 2729 *24
397 2672 661 2722 eloquentiae
688 2673 765 2713 PG
791 2674 1037 2713 Priscianus
1067 2674 1223 2713 Fronto
1251 2670 1493 2722 loquentiae
1522 2672 1623 2712 Pro-

209 2737 282 2776 bus
305 2739 367 2788 (in
389 2740 569 2790 Gellius)
