1728 2944
190 144 254 191 20
533 141 589 201 Ο.
641 141 982 192 SALLVSTI
1027 142 1270 192 C'RISPI
1453 139 1513 208 [c.
1543 144 1604 190 23

189 267 297 315 fieri
321 267 591 326 consuevit,
625 267 874 330 aperuisse
902 268 1160 314 consilium
1193 268 1516 329 suum†atque
1549 283 1607 314 eo

190 349 421 396 dictitare
457 349 645 409 fecisse,
684 365 782 411 quo
827 349 961 396 inter
1006 366 1057 397 se
1103 349 1191 396 fidi
1230 349 1385 410 magis
1426 347 1606 406 forent,

150 447 173 478 3
191 430 317 477 alius
340 429 427 477 alii
450 429 582 476 tanti
604 428 837 476 facinoris
862 429 1055 477 conscii.
1127 445 1229 476 non
1261 429 1388 475 nulli
1417 429 1534 475 ficta
1557 432 1610 474 et

191 511 311 558 haec
347 516 399 558 et
434 511 594 558 multa
620 515 876 573 praeterea
907 511 1277 558 existumabant
1310 511 1373 557 ab
1407 511 1492 567 eis,
1523 508 1611 572 qui

194 591 443 639 Ciceronis
487 591 744 649 invidiam,
783 607 908 653 quae
952 596 1123 653 postea
1169 595 1278 638 orta
1323 596 1414 649 est,
1464 589 1610 636 leniri
1634 607 1653 639 5

195 672 461 718 credebant
505 671 765 718 atrocitate
811 671 1008 718 sceleris
1062 687 1246 729 eorum,
1293 671 1380 733 qui
1429 686 1611 733 poenas

197 753 448 800 dederant.
518 752 662 800 nobis
696 769 755 800 ea
794 768 872 799 res
916 768 1006 815 pro
1050 750 1393 815 magnitudine
1437 767 1611 814 parum

199 838 449 896 comperta
472 839 559 880 est.

93 911 170 969 23
300 914 398 961 Sed
431 914 486 960 in
525 929 584 960 ea
620 912 958 960 coniuratione
989 911 1091 958 fuit
1129 912 1187 970 Q.
1228 911 1423 971 Curius,
1464 915 1613 959 natus

195 995 330 1042 haud
367 995 574 1042 obscuro
608 994 729 1054 loco,
772 994 974 1057 flagitiis
1010 999 1161 1057 atque
1200 993 1502 1041 facinoribus
1539 1010 1611 1040 co-
1636 1018 1676 1040 ιο

195 1081 408 1139 opertus,
435 1092 580 1139 quem
605 1092 827 1123 censores
851 1079 1028 1123 senatu
1061 1076 1230 1139 probri
1263 1075 1423 1138 gratia
1452 1091 1612 1122 move-

157 1178 177 1200 2
195 1162 321 1205 rant.
393 1156 509 1203 huic
531 1156 722 1203 homini
744 1172 845 1202 non
867 1155 1031 1203 minor
1053 1156 1250 1202 vanitas
1273 1156 1436 1202 inerat
1464 1171 1614 1217 quam

197 1237 402 1284 audacia
424 1253 435 1285 :
467 1252 628 1299 neque
658 1236 874 1297 reticere,
903 1252 1027 1298 quae
1061 1236 1301 1295 audierat,
1326 1252 1484 1298 neque
1508 1252 1615 1283 sua-

107 1373 135 1398 ἢ
197 1323 302 1371 met
336 1319 441 1381 ipse
480 1318 665 1365 scelera
711 1318 969 1376 occultare,
1012 1334 1212 1380 prorsus
1256 1334 1415 1380 neque
1452 1317 1614 1364 dicere

130 1420 135 1428 ·
159 1413 178 1443 3
198 1415 356 1462 neque
379 1398 540 1445 facere
564 1397 827 1460 quicquam
850 1398 992 1460 pensi
1014 1397 1240 1445 habebat.
1301 1403 1410 1445 erat
1431 1398 1477 1444 ei
1501 1415 1612 1445 cum
1638 1418 1676 1449 13

198 1479 379 1527 Fulvia
413 1478 620 1525 muliere
657 1477 814 1524 nobili
841 1482 985 1524 vetus
1020 1479 1321 1525 consuetudo
1337 1495 1352 1539 3
1388 1479 1468 1525 cui
1502 1495 1613 1526 cum

197 1560 363 1606 minus
385 1562 557 1621 gratus
580 1561 721 1615 esset,
755 1556 872 1619 quia
895 1557 1063 1620 inopia
1086 1558 1252 1605 minus
1275 1559 1447 1621 largiri
1481 1565 1615 1622 pote-

197 1645 293 1700 rat,
339 1644 542 1703 repente
586 1639 802 1702 glorians
852 1640 1009 1686 maria
1060 1641 1342 1703 montisque
1394 1641 1615 1704 polliceri

200 1722 361 1785 coepit
396 1726 447 1768 et
483 1721 663 1768 minari
699 1720 951 1768 interdum
992 1721 1139 1782 ferro,
1180 1722 1236 1769 ni
1272 1723 1368 1770 sibi
1402 1723 1617 1770 obnoxia

20 995 64 1009 ul

283 1901 307 1940 1
363 1902 493 1950 atque
535 1911 585 1940 eo
635 1898 831 1940 dictitare
871 1897 1000 1953 (dicto
1037 1909 1064 1936 a
1092 1897 1180 1947 few
1222 1895 1293 1950 Cz)
1333 1896 1484 1936 fecisse
1523 1897 1612 1939 PC.

203 1969 319 2009 Some
339 1969 387 2019 of
403 1969 436 2006 G
456 1968 639 2006 however
656 1968 757 2006 omit
777 1967 845 2006 the
865 1965 996 2005 words
1019 1976 1066 2004 or
1090 1965 1193 2004 have
1218 1965 1324 2003 them
1343 1965 1503 2004 crossed
1520 1971 1591 2004 out
1599 1981 1618 2014 ,-

202 2037 321 2076 other
345 2035 460 2074 MSS
488 2035 591 2073 have
620 2046 706 2087 acc.
732 2039 772 2072 to
799 2032 976 2072 Dietsch
1003 2030 1164 2070 dictam
1196 2042 1300 2078 rem,
1335 2029 1449 2070 dicta
1478 2043 1537 2081 re,
1571 2044 1618 2072 or

203 2104 340 2144 dictas
366 2114 581 2143 rea—om.
605 2114 653 2144 or
677 2103 796 2142 write
819 2100 947 2150 idque
983 2111 1032 2139 eo
1054 2097 1206 2138 fecisse
1228 2099 1395 2146 Ritsclzl
1420 2098 1616 2140 dictitare

203 2184 278 2212 om.
299 2172 459 2222 Selliny
478 2170 606 2220 idque
630 2182 681 2210 eo
701 2168 858 2209 dicitur
880 2168 1034 2208 fecisse
1060 2168 1201 2218 Beryk
1235 2168 1362 2216 atque
1388 2178 1438 2219 eo
1458 2167 1618 2208 dixisse

202 2252 298 2281 eam
334 2252 426 2279 rem
462 2238 612 2279 fecisse
647 2239 823 2289 Madviy
861 2239 991 2288 atque
1028 2249 1077 2277 eo
1115 2235 1317 2276 dictitant
1346 2247 1437 2274 rem
1467 2235 1618 2276 fecisse
1676 2240 1678 2242 ’

209 2308 268 2349 W.
294 2307 470 2357 Wayner
499 2317 644 2354 suum3
685 2306 815 2355 atque
847 2316 897 2344 eo
927 2303 1177 2344 dictitarent
1217 2314 1314 2342 eam
1340 2314 1438 2342 -rem
1469 2302 1619 2344 secisse

202 2376 380 2415 Krc‘imer
404 2375 533 2423 atque
557 2385 607 2413 eo
634 2372 791 2412 dixisse
813 2372 876 2413 ita
902 2385 947 2413 se
977 2371 1128 2412 fecisse
1157 2373 1208 2411 F.
1234 2372 1343 2411 Uber
1371 2370 1619 2412 dictitavere
1724 2391 1727 2428 3

206 2444 452 2483 Scheindler
814 2480 817 2484 ,
1504 2464 1507 2465 ⁷
1723 2463 1725 2513 1

286 2509 340 2549 10
392 2510 504 2549 Most
534 2510 687 2552 editors
714 2509 832 2549 write
863 2510 1074 2559 copertus.
1129 2507 1168 2547 P
1197 2507 1271 2546 has
1304 2508 1509 2556 comp-tus
1544 2508 1620 2557 (an
1723 2518 1728 2547 1

203 2567 236 2616 h
270 2577 388 2626 being
425 2575 582 2628 erased)
622 2577 712 2617 i.e.'
740 2578 980 2626 coopertus,
1020 2575 1105 2614 and
1140 2586 1185 2613 so
1225 2574 1259 2612 Ο
1289 2575 1466 2613 Nonius.
1526 2575 1619 2613 Gel·
1694 2534 1728 2604 ‘ii

208 2643 289 2684 lius
316 2644 457 2696 quotes
480 2645 597 2684 twice
626 2656 672 2683 as
694 2644 861 2694 'comino
873 2644 987 2695 srom
1013 2643 1174 2684 Sallust
1195 2639 1448 2682 'foenoribus
1476 2641 1617 2693 coperl
1674 2646 1691 2656 ²

206 2716 277 2754 tus
800 2744 803 2745 ⁷

268 2822 271 2826 .
290 2781 342 2824 19
395 2783 438 2822 et
456 2794 532 2825 om.
555 2794 577 2822 z
598 2783 611 2833 (
619 2783 813 2834 ‘perhaps
831 2781 1024 2834 riyhtly’,
1046 2792 1142 2832 says
1160 2776 1336 2830 Jordan)
1489 2830 1501 2843 x
1531 2836 1540 2843 „
