1728 2944
139 132 181 168 ο.
208 114 295 184 3ο]
474 115 657 165 BELL
668 116 773 166 VM
813 114 1218 167 CATILINAE.
1247 101 1254 107 “
1492 114 1555 163 25

137 252 228 300 per
265 241 494 285 senatum
532 253 669 286 more
709 237 939 285 Romano
974 235 1290 300 magistratui
1324 251 1559 283 maxuma
1643 259 1727 321 ά

33 379 42 387 Δ
136 318 462 382 permittitur,
499 319 775 366 exercitum
809 335 999 382 parare,
1037 318 1223 367 bellum
1262 333 1448 380 gerere,
1482 333 1557 364 co-
1583 284 1728 410 ¹⁶⁰⁴*

26 398 39 441 ’ἑ
135 414 301 446 ercere
323 390 554 447 omnibus
575 399 736 447 modis
759 399 915 447 socios
937 405 1088 463 atque
1110 398 1246 458 civis,
1270 397 1407 446 domi
1428 397 1556 444 mili-

7 471 9 481 ’
28 496 41 539 4
134 478 332 542 tiaeque
354 479 617 542 imperium
639 483 791 542 atque
814 479 1055 527 iudicium
1077 495 1325 536 summum
1347 477 1528 525 habere
1544 493 1560 538 3

26 548 41 623 ξ
92 573 114 605 s
134 559 282 607 aliter
302 559 411 607 sine
432 559 604 623 populi
625 560 765 607 iussu
787 560 976 607 nullius
990 576 1160 608 earum
1177 575 1344 607 rerum
1367 558 1560 606 consuli

24 627 39 678 ἶ
133 638 214 687 ius
246 645 335 688 est.
408 646 521 704 post
555 656 739 703 paucos
779 640 885 688 dies
925 640 982 689 L.
1017 640 1227 688 Saenius
1266 643 1465 687 senator
1503 639 1559 686 in
1580 638 1657 697 30

35 710 39 711 ⁷
133 725 311 768 senatu
335 720 531 768 litteras
561 720 809 780 recitavit,
834 736 957 783 quas
991 720 1215 768 Faesulis
1245 720 1440 768 adlatas
1462 719 1560 767 sibi

31 827 36 835 ·
133 802 345 861 dicebat,
369 802 424 849 in
446 803 628 866 quibus
653 803 895 867 scriptum
918 809 1026 851 erat
1056 803 1113 851 C.
1137 803 1387 850 Manlium
1421 818 1561 850 arma

134 883 320 946 cepisse
342 899 456 930 cum
486 900 668 947 magna
700 883 1026 932 multitudine
1052 888 1172 931 ante
1205 883 1337 931 diem
1362 883 1445 930 VI
1475 882 1560 929 ka-

75 983 117 1007 ιο
134 962 307 1011 lendas
329 963 643 1013 Novembris.
714 964 879 1023 simul,
910 963 964 1012 id
994 964 1127 1027 quod
1149 964 1204 1010 in
1226 963 1319 1011 tali
1341 979 1395 1010 re
1418 962 1557 1022 solet,
1580 992 1600 1014 2
1646 959 1662 970 ⁸

33 1084 41 1115 5
133 1044 223 1092 alii
261 1050 494 1108 portenta
533 1050 685 1109 atque
723 1045 951 1109 prodigia
984 1044 1303 1103 nuntiabant,
1328 1044 1416 1090 alii
1443 1059 1557 1091 con-

134 1131 316 1174 ventus
337 1126 459 1185 fieri,
484 1142 624 1174 arma
645 1126 850 1189 portari,
875 1126 1075 1189 Capuae
1097 1129 1249 1188 atque
1278 1125 1335 1171 in
1367 1124 1559 1187 Apulia

133 1208 315 1256 servile
350 1209 536 1256 bellum
575 1209 777 1258 moveri.
848 1209 1005 1272 igitur
1049 1208 1212 1256 senati
1256 1207 1455 1264 decreto
1495 1206 1554 1264 Q.
1580 1228 1600 1258 3

134 1288 358 1337 Marcius
404 1289 520 1337 Rex
565 1289 802 1337 Faesulas
842 1291 903 1349 Q.
953 1288 1192 1336 Metellus
1239 1287 1464 1336 Creticus
1503 1287 1559 1334 in

16 1397 18 1405 ›
75 1389 116 1424 ις
134 1370 376 1434 Apuliam
410 1370 694 1434 circumque
730 1386 790 1418 ea
825 1369 932 1417 loca
966 1369 1221 1425 missi—ei
1259 1369 1460 1431 utrique
1493 1367 1557 1415 ad
1580 1391 1600 1421 4

12 1453 35 1516 {5-
134 1451 304 1499 urbem
330 1451 653 1515 imperatores
675 1455 834 1509 erant,
858 1450 1167 1514 impeditine
1188 1448 1560 1512 triumpharent

12 1516 15 1539 Ι
133 1532 382 1613 caluffl
419 1549 703 1596 paucorum,
741 1533 923 1596 quibus
958 1532 1126 1580 omnia
1164 1532 1375 1580 honesta
1407 1535 1559 1595 atque

132 1613 397 1661 inhonesta
435 1613 651 1664 vendere
690 1629 797 1661 mos
833 1619 1023 1661 erat—
1036 1651 1050 1674 ,
1082 1613 1170 1661 sed
1208 1617 1462 1676 praetores
1496 1612 1556 1671 Q.
1581 1634 1602 1666 s

133 1694 403 1759 Pompeius
448 1695 618 1743 Rufus
663 1695 883 1759 Capuam
930 1695 989 1753 Q.
1032 1695 1270 1743 Metellus
1316 1694 1460 1743 Celer
1504 1693 1560 1741 in

132 1864 285 1922 atque
329 1858 551 1922 periculo
595 1859 870 1906 exercitum
917 1863 1272 1922 compararent.
1344 1857 1409 1905 ad
1449 1856 1556 1916 hoc,
1581 1877 1602 1908 6

133 1939 290 2003 siquis
311 1938 634 1987 indicavisset
655 1938 717 1986 de
740 1939 1096 1998 coniuratione,
1113 1955 1240 2002 quae
1262 1942 1437 1986 contra
1453 1954 1559 1986 rem

133 2019 384 2084 publicam
406 2019 543 2067 facta
564 2023 687 2080 erat,
712 2019 988 2083 praemium
1012 2035 1155 2067 servo
1188 2019 1473 2067 libertatem
1506 2024 1560 2067 et

135 2101 366 2150 sestertia
388 2106 605 2160 centum,
630 2101 787 2149 libero
808 2100 1144 2164 inpunitatem
1169 2101 1277 2148 eius
1299 2100 1373 2148 rei
1395 2104 1448 2148 et
1464 2116 1560 2148 ses-

11 2169 14 2258 {
75 2204 120 2237 os
136 2183 289 2232 tertia
321 2181 552 2242 ducenta,
576 2181 795 2245 itemque
825 2181 1102 2242 decrevere,
1127 2181 1207 2230 uti
1235 2180 1558 2245 gladiatoriae
1581 2205 1600 2236 7

217 2346 245 2388 6
299 2345 464 2387 nullius
481 2346 559 2388 PG
576 2346 688 2388 nulli
710 2348 746 2389 0

9 2438 12 2443 -
66 2471 69 2477 1
219 2414 273 2454 18
320 2413 463 2454 nenati
480 2414 520 2454 P
538 2413 702 2466 (almon
719 2415 857 2470 alone)
876 2415 1040 2457 Nonius
1055 2413 1245 2470 (quotiny
1256 2414 1332 2466 sor
1351 2413 1420 2455 the
1439 2413 1555 2465 qeni-

136 2481 361 2533 tive)—oee
381 2480 451 2522 36.
470 2481 513 2529 5.
534 2481 600 2523 53.
626 2481 649 2521 1

215 2548 271 2589 28
325 2549 439 2601 aster
476 2549 718 2601 praemium
749 2550 784 2591 C'
822 2550 926 2591 have
953 2547 1206 2604 decreuere}
1231 2547 1401 2590 instead
1435 2549 1488 2602 of
1514 2548 1558 2590 et

135 2613 333 2657 *tertia
352 2618 526 2657 centum
548 2616 589 2657 P
607 2617 684 2657 has
701 2629 759 2658 an
780 2617 1074 2659 abbreviatum
1092 2617 1169 2671 sor
1185 2628 1238 2658 ex
1263 2618 1440 2659 senatus
1457 2627 1558 2658 con·

136 2681 253 2724 tulto

159 2795 162 2799 ,
217 2749 272 2792 24
326 2749 903 2795 amtoednoentamiliae
