1728 2944
221 92 286 144 28
557 96 608 147 0.
659 98 738 148 SA
748 99 833 146 LL
846 99 1002 148 VSTJ
1047 100 1294 150 ORISPI
1479 100 1539 169 [ο.
1569 104 1631 152 33

320 222 455 270 Dum
479 221 597 270 haec
621 223 808 270 Romae
835 229 1090 286 geruntur,
1118 225 1170 273 G.
1198 225 1419 273 Manlius
1448 243 1511 274 ex
1545 243 1632 274 suo

218 319 423 351 numero
468 305 652 366 legatos
698 305 762 352 ad
797 306 1042 353 Marcium
1084 307 1272 369 Regem
1318 309 1477 355 mittit
1521 325 1632 355 cum

113 378 190 439 33
219 384 467 431 mandatis
500 384 850 433 huiuscemodi.
938 387 1099 434 ‘Deos
1133 387 1452 450 hominesque
1486 393 1633 436 testa-

218 481 343 523 mur,
393 465 672 527 imperator,
720 481 980 515 nosarma
1015 483 1173 528 neque
1208 474 1380 514 contra
1419 469 1633 531 patriam

218 545 403 606 cepisse
440 560 599 606 neque
640 545 1050 607 (1110,,Ρθῐ·ἰοιι1ωῃ
1089 546 1198 593 aliis
1233 546 1517 608 faceremus,
1548 551 1632 597 sed
1654 569 1672 600 s

218 626 296 672 uti
331 641 533 687 corpora
566 629 737 671 nostra
771 626 833 671 ab
868 625 1052 672 iniuria
1086 631 1198 673 tuta
1233 626 1409 687 forent,
1436 629 1525 691 qui
1547 630 1632 677 mi-

217 706 314 754 seri
337 710 535 768 egentes
558 707 794 753 violentia
808 712 957 770 atque
982 708 1274 755 erudelitate
1297 709 1632 758 feneratorum

216 787 438 850 plerique
461 788 649 851 patriae
673 788 755 835 sed
781 805 949 836 omnes
979 789 1114 836 fama
1135 795 1284 853 atque
1318 791 1530 839 fortunis
1553 809 1632 840 ex-

215 874 379 930 pertes
402 884 583 915 sumus.
644 885 803 931 neque
826 869 1057 932 cuiquam
1079 875 1303 917 nostrum
1333 871 1476 918 licuit
1499 889 1632 921 more

216 950 458 996 maiorum
491 949 597 1012 lege
621 950 698 996 uti
721 966 879 1012 neque
902 951 1079 999 amisso
1101 953 1397 1014 patrimonio
1420 954 1631 1002 liberum
1651 979 1692 1001 10

217 1046 392 1093 corpus
431 1030 640 1077 habere:
677 1034 820 1076 tanta
861 1031 1067 1078 saevitia
1100 1031 1436 1084 feneratorum
1481 1040 1631 1097 atque

175 1138 196 1161 2
217 1112 456 1175 praetoris
501 1111 613 1159 fuit.
708 1128 850 1174 saepe
898 1113 1106 1160 maiores
1152 1119 1376 1161 vostrum
1423 1116 1632 1164 miseriti

216 1194 373 1256 plebis
408 1194 662 1241 Romanae
698 1193 907 1242 decretis
942 1195 1044 1242 suis
1078 1195 1274 1259 inopiae
1319 1197 1425 1244 eius
1472 1198 1632 1260 opitu-

215 1275 306 1322 lati
343 1281 472 1334 sunt,
522 1292 578 1322 ac
622 1275 902 1323 novissume
942 1278 1177 1325 memoria
1222 1283 1393 1325 nostra
1432 1285 1632 1343 propter

215 1355 608 1418 magnitudinem
626 1357 751 1403 aeris
774 1357 924 1403 alieni
941 1357 1222 1405 volentibus
1245 1359 1472 1406 omnibus
1490 1360 1629 1408 bonis
1652 1387 1690 1418 1⁵

174 1463 194 1493 3
216 1443 475 1500 argentum
499 1454 610 1484 aere
633 1437 850 1484 solutum
873 1443 960 1485 est.
1031 1455 1174 1502 saepe
1204 1439 1311 1502 ipsa
1343 1440 1509 1503 plebes
1544 1447 1633 1489 aut

216 1519 505 1567 dominandi
540 1519 704 1566 studio
739 1524 963 1582 permota
997 1525 1086 1567 aut
1119 1522 1346 1584 superbia
1380 1522 1631 1585 magistra-

174 1629 194 1657 4
216 1606 359 1648 tuum
383 1605 573 1647 armata
607 1616 638 1646 a
671 1600 895 1662 patribus
919 1601 1127 1648 secessit.
1199 1606 1252 1648 at
1286 1617 1377 1649 nos
1410 1619 1511 1649 non
1544 1604 1631 1650 im-

216 1681 408 1744 perium
423 1696 582 1742 neque
598 1679 800 1726 divitias
824 1679 1051 1742 petimus,
1071 1697 1279 1742 quarum
1305 1698 1472 1728 rerum
1487 1699 1632 1730 causa

215 1762 345 1808 bella
384 1767 533 1823 atque
570 1760 838 1807 certamina
875 1761 1040 1806 omnia
1074 1761 1206 1807 inter
1240 1761 1462 1809 mortalis
1495 1770 1626 1823 sunt,
1650 1791 1692 1814 20

216 1842 301 1889 sed
325 1842 620 1900 libertatem,
647 1856 795 1903 quam
830 1856 975 1886 nemo
1011 1841 1166 1887 bonus
1200 1841 1298 1887 nisi
1331 1858 1444 1888 cum
1466 1843 1632 1892 anima

176 1949 196 1982 5
217 1923 362 1970 simul
384 1922 585 1969 amittit.
659 1926 711 1968 te
740 1926 888 1984 atque
919 1926 1145 1968 senatum
1180 1923 1497 1984 obtestamur,
1523 1941 1631 1972 con-

217 2004 392 2051 sulatis
425 2003 622 2070 miseris·
650 2003 854 2061 civibuS,
880 2003 1002 2066 legis
1035 2004 1347 2066 praesidium,
1374 2006 1506 2068 quod
1535 2007 1628 2054 ini-

217 2086 381 2149 quitas
403 2085 644 2147 praetoris
667 2084 864 2146 eripuit,
890 2086 1165 2132 restituatis
1193 2102 1318 2132 neve
1349 2088 1492 2133 nobis
1523 2104 1631 2135 eam

215 2155 624 2212 necessitudinem
660 2164 925 2226 inponatis,
968 2169 1028 2212 ut
1073 2181 1378 2228 quaeramus,
1415 2183 1629 2230 quonam
1651 2192 1690 2223 25

216 2247 361 2294 modo
384 2262 615 2293 maxume
647 2246 743 2293 ulti
775 2246 1066 2309 sanguinem
1089 2252 1315 2294 nostrum
1338 2250 1628 2310 pereamus'.

297 2404 323 2442 8
377 2401 543 2453 patriae
574 2402 652 2442 PG
681 2401 821 2453 patria
855 2404 943 2444 GV.
1013 2405 1099 2444 For
1130 2404 1294 2455 patriae
1331 2405 1406 2447 sed
1443 2409 1631 2450 Eussner

216 2470 466 2520 conjectures
484 2468 648 2520 patriae
667 2469 794 2517 sedis,
819 2471 1040 2510 Weinhold
1059 2471 1199 2522 patria
1219 2471 1317 2513 sede

299 2539 324 2579 9
380 2540 578 2578 nostrum
598 2538 799 2588 cuiquam
827 2539 864 2578 V

299 2605 351 2644 12
405 2604 540 2646 uestri
569 2606 701 2658 pPlV
729 2606 867 2646 nostri
902 2605 1008 2660 1³01
1036 2609 1197 2648 Gellius
1238 2610 1278 2648 is
1321 2610 1528 2660 emphatic
1557 2611 1632 2662 sor

217 2672 532 2713 uestrum—see
558 2679 672 2714 notes
696 2671 704 2728 Ι
727 2672 910 2714 miseriti
927 2675 1047 2716 POV
1066 2676 1226 2715 Gellius
1251 2675 1417 2716 miserti
1442 2690 1488 2718 or
1505 2677 1629 2719 mise-

216 2738 302 2780 rati
323 2740 359 2782 0

1712 2803 1728 2904 ’ἓ

1712 2905 1728 2944 i
